
@incollection{brandt_dynamik_2005,
  series = {Springer-Lehrbuch},
  title = {{Dynamik eines einzelnen Massenpunktes}},
  copyright = {\textcopyright{}2005 Springer-Verlag Berlin Heidelberg},
  isbn = {978-3-540-21666-7 978-3-540-26767-6},
  language = {de},
  booktitle = {{Mechanik}},
  publisher = {{Springer Berlin Heidelberg}},
  author = {Brandt, Siegmund and Dahmen, Hans Dieter},
  year = {2005},
  pages = {13--72},
  groups = {B{\"u}cher - Physik},
  doi = {10.1007/3-540-26767-0_2}
}

@article{krivanek_developments_1991,
  title = {Developments in {{EELS}} Instrumentation for Spectroscopy and Imaging},
  volume = {2},
  copyright = {EDP Sciences},
  issn = {1154-2799},
  doi = {10.1051/mmm:0199100202-3031500},
  language = {en},
  number = {2-3},
  journal = {Microsc. Microanal. Microstruct.},
  author = {Krivanek, Ondrej L. and Gubbens, Alexander J. and Dellby, Niklas},
  year = {1991},
  pages = {315--332}
}

@article{egerton_measurement_1987,
  title = {Measurement of Local Thickness by Electron Energy-Loss Spectroscopy},
  volume = {21},
  issn = {0304-3991},
  doi = {10.1016/0304-3991(87)90148-3},
  number = {3},
  journal = {Ultramicroscopy},
  author = {Egerton, Ray F. and Cheng, S. C.},
  year = {1987},
  pages = {231--244}
}

@incollection{grupen_klausur_2008,
  title = {{Klausur zum Grundkurs Strahlenschutz}},
  copyright = {\textcopyright{}2008 Springer-Verlag Berlin Heidelberg},
  isbn = {978-3-540-75848-8 978-3-540-75849-5},
  language = {de},
  booktitle = {{Grundkurs Strahlenschutz}},
  publisher = {{Springer Berlin Heidelberg}},
  author = {Grupen, Claus},
  year = {2008},
  pages = {268--274},
  groups = {Versuch A3,Versuch A3},
  doi = {10.1007/978-3-540-75849-5_18}
}

@article{reimer_combination_1992,
  title = {Combination of {{EELS}} Modes and Electron Spectroscopic Imaging and Diffraction in an Energy-Filtering Electron Microscope},
  volume = {46},
  issn = {0304-3991},
  doi = {10.1016/0304-3991(92)90023-D},
  number = {1},
  journal = {Ultramicroscopy},
  author = {Reimer, L. and Fromm, I. and Hirsch, P. and Plate, U. and Rennekamp, R.},
  year = {1992},
  pages = {335--347},
  groups = {Dissertation,zitiert,zitiert}
}

@misc{boothroyd_digital_2016,
  title = {Digital {{Micrograph}} File Format},
  howpublished = {\url{http://www.er-c.org/cbb/info/dmformat/}},
  author = {Boothroyd, Chris},
  year = {2016},
  groups = {Dissertation,zitiert,zitiert}
}

@incollection{kociak_spatially_2011,
  title = {Spatially {{Resolved EELS}}: {{The Spectrum}}-{{Imaging Technique}} and {{Its Applications}}},
  copyright = {\textcopyright{}2011 Springer Science+Business Media, LLC},
  isbn = {978-1-4419-7199-9 978-1-4419-7200-2},
  shorttitle = {Spatially {{Resolved EELS}}},
  language = {en},
  booktitle = {Scanning {{Transmission Electron Microscopy}}},
  publisher = {{Springer New York}},
  author = {Kociak, Mathieu and St{\'e}phan, Odile and Walls, Michael G. and Tenc{\'e}, Marcel and Colliex, Christian},
  editor = {Pennycook, Stephen J. and Nellist, Peter D.},
  year = {2011},
  pages = {163--205},
  groups = {B{\"u}cher - Physik},
  doi = {10.1007/978-1-4419-7200-2_4}
}

@article{probst_omega_1993,
  title = {An ``Omega'' Energy Filtering {{TEM}}\textemdash{} {{Principles}} and Applications},
  volume = {5},
  issn = {1521-4095},
  doi = {10.1002/adma.19930050417},
  language = {en},
  number = {4},
  journal = {Adv. Mater.},
  author = {Probst, Wolfgang and Benner, Gerd and Bihr, Johannes and Weimer, Eugen},
  year = {1993},
  pages = {297--300}
}

@incollection{kolanoski_13_2016,
  title = {{13 Szintillationsdetektoren}},
  copyright = {\textcopyright{}2016 Springer-Verlag Berlin Heidelberg},
  isbn = {978-3-662-45349-0 978-3-662-45350-6},
  language = {de},
  booktitle = {{Teilchendetektoren}},
  publisher = {{Springer Berlin Heidelberg}},
  author = {Kolanoski, Hermann and Wermes, Norbert},
  year = {2016},
  pages = {495--536},
  groups = {Teilchendetektoren,Teilchendetektoren},
  doi = {10.1007/978-3-662-45350-6_13}
}

@incollection{brandt_wahrscheinlichkeiten._2015,
  series = {essentials},
  title = {{Wahrscheinlichkeiten. Verteilungen}},
  copyright = {\textcopyright{}2015 Springer Fachmedien Wiesbaden},
  isbn = {978-3-658-10068-1 978-3-658-10069-8},
  language = {de},
  booktitle = {{Analyse empirischer und experimenteller Daten}},
  publisher = {{Springer Fachmedien Wiesbaden}},
  author = {Brandt, Prof Dr Siegmund},
  year = {2015},
  pages = {5--14},
  groups = {B{\"u}cher - Statistik},
  doi = {10.1007/978-3-658-10069-8_2}
}

@article{schaffer_eftem_2006,
  series = {Proceedings of the International Workshop on Enhanced Data Generated by ElectronsProceedings of the International Workshop on Enhanced Data Generated by Electrons},
  title = {{{EFTEM}} Spectrum Imaging at High-Energy Resolution},
  volume = {106},
  issn = {0304-3991},
  doi = {10.1016/j.ultramic.2006.04.028},
  number = {11\textendash{}12},
  journal = {Ultramicroscopy},
  author = {Schaffer, Bernhard and Kothleitner, Gerald and Grogger, Werner},
  year = {2006},
  pages = {1129--1138},
  groups = {Dissertation,zitiert,zitiert}
}

@incollection{fultz_diffraction_2008,
  title = {Diffraction {{Lineshapes}}},
  copyright = {\textcopyright{}2008 Springer-Verlag Berlin Heidelberg},
  isbn = {978-3-540-73885-5 978-3-540-73886-2},
  language = {en},
  booktitle = {Transmission {{Electron Microscopy}} and {{Diffractometry}} of {{Materials}}},
  publisher = {{Springer Berlin Heidelberg}},
  author = {Fultz, Brent and Howe, James M.},
  year = {2008},
  pages = {423--456},
  groups = {B{\"u}cher - Physik},
  doi = {10.1007/978-3-540-73886-2_8}
}

@incollection{brandt_elektrischer_2005,
  series = {Springer-Lehrbuch},
  title = {{Elektrischer Strom als Ladungstransport}},
  copyright = {\textcopyright{}2005 Springer-Verlag Berlin Heidelberg},
  isbn = {978-3-540-21458-8 978-3-540-26766-9},
  language = {de},
  booktitle = {{Elektrodynamik}},
  publisher = {{Springer Berlin Heidelberg}},
  author = {Brandt, Siegmund and Dahmen, Hans Dieter},
  year = {2005},
  pages = {111--144},
  groups = {B{\"u}cher - Physik},
  doi = {10.1007/3-540-26766-2_5}
}

@article{terada_time-resolved_2001,
  title = {Time-Resolved Acquisition Technique for Elemental Mapping by Energy-Filtering {{TEM}}},
  volume = {50},
  issn = {2050-5698, 2050-5701},
  doi = {10.1093/jmicro/50.2.83},
  language = {en},
  number = {2},
  journal = {J Electron Microsc (Tokyo)},
  author = {Terada, S. and Aoyama, T. and Yano, F. and Mitsui, Y.},
  year = {2001},
  pages = {83--87},
  pmid = {11347715}
}

@article{binasch_enhanced_1989,
  title = {Enhanced Magnetoresistance in Layered Magnetic Structures with Antiferromagnetic Interlayer Exchange},
  volume = {39},
  doi = {10.1103/PhysRevB.39.4828},
  number = {7},
  journal = {Phys. Rev. B},
  author = {Binasch, G. and Gr{\"u}nberg, P. and Saurenbach, F. and Zinn, W.},
  year = {1989},
  pages = {4828--4830}
}

@article{cueva_data_2012,
  title = {Data {{Processing}} for {{Atomic Resolution Electron Energy Loss Spectroscopy}}},
  volume = {18},
  issn = {1435-8115},
  doi = {10.1017/S1431927612000244},
  number = {04},
  journal = {Microsc. Microanal.},
  author = {Cueva, Paul and Hovden, Robert and Mundy, Julia A. and Xin, Huolin L. and Muller, David A.},
  year = {2012},
  pages = {667--675},
  groups = {Dissertation,zitiert,zitiert}
}

@article{kimoto_chemical_1997,
  title = {Chemical Shift Mapping of {{Si L}} and {{K}} Edges Using Spatially Resolved {{EELS}} and Energy\textendash{}filtering {{TEM}}},
  volume = {46},
  issn = {2050-5698, 2050-5701},
  language = {en},
  number = {5},
  journal = {J Electron Microsc (Tokyo)},
  author = {Kimoto, Koji and Sekiguchi, Tomoko and Aoyama, Takashi},
  year = {1997},
  pages = {369--374}
}

@incollection{kolanoski_anhang_2016,
  title = {{Anhang}},
  copyright = {\textcopyright{}2016 Springer-Verlag Berlin Heidelberg},
  isbn = {978-3-662-45349-0 978-3-662-45350-6},
  language = {de},
  booktitle = {{Teilchendetektoren}},
  publisher = {{Springer Berlin Heidelberg}},
  author = {Kolanoski, Hermann and Wermes, Norbert},
  year = {2016},
  pages = {829--863},
  groups = {Teilchendetektoren,Teilchendetektoren},
  doi = {10.1007/978-3-662-45350-6_19}
}

@article{golla-schindler_determination_2006,
  series = {Proceedings of the International Workshop on Enhanced Data Generated with Electrons (EDGE)},
  title = {Determination of the Oxidation State for Iron Oxide Minerals by Energy-Filtering {{TEM}}},
  volume = {37},
  issn = {0968-4328},
  doi = {10.1016/j.micron.2005.11.002},
  number = {5},
  journal = {Micron},
  author = {Golla-Schindler, U. and Hinrichs, R. and Bomati-Miguel, O. and Putnis, A.},
  year = {2006},
  pages = {473--477}
}

@article{leonhard_spektrometrie_1954-1,
  title = {Spektrometrie von {{Elektronen}}-{{Interferenzen}}},
  volume = {9},
  issn = {1865-7109},
  doi = {10.1515/zna-1954-0904},
  number = {9},
  journal = {Z. F{\"u}r Naturforschung A},
  author = {Leonhard, F.},
  year = {1954},
  pages = {727--734},
  groups = {Dissertation}
}

@incollection{kolanoski_5_2016,
  title = {{5 Signalentstehung durch bewegte Ladungen}},
  copyright = {\textcopyright{}2016 Springer-Verlag Berlin Heidelberg},
  isbn = {978-3-662-45349-0 978-3-662-45350-6},
  language = {de},
  booktitle = {{Teilchendetektoren}},
  publisher = {{Springer Berlin Heidelberg}},
  author = {Kolanoski, Hermann and Wermes, Norbert},
  year = {2016},
  pages = {131--162},
  groups = {Teilchendetektoren,Teilchendetektoren},
  doi = {10.1007/978-3-662-45350-6_5}
}

@incollection{grupen_nicht-ionisierende_2008,
  title = {{Nicht-ionisierende Strahlung}},
  copyright = {\textcopyright{}2008 Springer-Verlag Berlin Heidelberg},
  isbn = {978-3-540-75848-8 978-3-540-75849-5},
  language = {de},
  booktitle = {{Grundkurs Strahlenschutz}},
  publisher = {{Springer Berlin Heidelberg}},
  author = {Grupen, Claus},
  year = {2008},
  pages = {214--222},
  groups = {Versuch A3,Versuch A3},
  doi = {10.1007/978-3-540-75849-5_15}
}

@article{heil_improving_2012,
  title = {Improving the Reliability of the Background Extrapolation in Transmission Electron Microscopy Elemental Maps by Using Three Pre-Edge Windows},
  volume = {118},
  issn = {0304-3991},
  doi = {10.1016/j.ultramic.2012.04.009},
  journal = {Ultramicroscopy},
  author = {Heil, Tobias and Gralla, Benedikt and Epping, Michael and Kohl, Helmut},
  year = {2012},
  pages = {11--16},
  groups = {Dissertation,zitiert,zitiert}
}

@incollection{kolanoski_11_2016,
  title = {{11 Cherenkov-Detektoren}},
  copyright = {\textcopyright{}2016 Springer-Verlag Berlin Heidelberg},
  isbn = {978-3-662-45349-0 978-3-662-45350-6},
  language = {de},
  booktitle = {{Teilchendetektoren}},
  publisher = {{Springer Berlin Heidelberg}},
  author = {Kolanoski, Hermann and Wermes, Norbert},
  year = {2016},
  pages = {437--474},
  groups = {Teilchendetektoren,Teilchendetektoren},
  doi = {10.1007/978-3-662-45350-6_11}
}

@incollection{brandt_eindimensionale_2015,
  title = {{Eindimensionale Quantenmechanik: Bewegung in einem Potential. Station{\"a}re gebundene Zust{\"a}nde}},
  copyright = {\textcopyright{}2015 Springer-Verlag Berlin Heidelberg},
  isbn = {978-3-662-46386-4 978-3-662-46387-1},
  shorttitle = {{Eindimensionale Quantenmechanik}},
  language = {de},
  booktitle = {{Quantenmechanik in Bildern}},
  publisher = {{Springer Berlin Heidelberg}},
  author = {Brandt, Siegmund and Dahmen, Hans Dieter},
  year = {2015},
  pages = {117--147},
  groups = {B{\"u}cher - Physik},
  doi = {10.1007/978-3-662-46387-1_6}
}

@misc{merkel_merkmalsbasierte_2016,
  title = {Merkmalsbasierte {{Driftkorrektur}} in Der {{Transmissionselektronenmikroskopie}}},
  publisher = {{Westf{\"a}lischen Wilhelms-Universit{\"a}t M{\"u}nster, Bachelorarbeit}},
  author = {Merkel, Henriette},
  year = {2016},
  groups = {Dissertation,zitiert,zitiert}
}

@article{daberkow_development_1996,
  series = {1 {\AA} Exit Wave Reconstruction},
  title = {Development and Performance of a Fast Fibre-Plate Coupled {{CCD}} Camera at Medium Energy and Image Processing System for Electron Holography},
  volume = {64},
  issn = {0304-3991},
  doi = {10.1016/0304-3991(96)00013-7},
  number = {1},
  journal = {Ultramicroscopy},
  author = {Daberkow, I. and Herrmann, K. -H. and Liu, L. and Rau, W. D. and Tietz, H.},
  year = {1996},
  pages = {35--48}
}

@book{reimer_energy-filtering_1995,
  address = {Berlin, Heidelberg},
  series = {Springer Series in Optical Sciences},
  title = {Energy-{{Filtering Transmission Electron Microscopy}}},
  volume = {71},
  isbn = {978-3-662-14055-0 978-3-540-48995-5},
  publisher = {{Springer-Verlag}},
  editor = {Reimer, Ludwig and Hawkes, Peter W. and Lotsch, Helmut K. V.},
  year = {1995},
  groups = {B{\"u}cher - Physik}
}

@incollection{krapp_grundlagen_2011,
  title = {{Grundlagen und Begriffe}},
  copyright = {\textcopyright{}2011 Vieweg+Teubner Verlag | Springer Fachmedien Wiesbaden GmbH},
  isbn = {978-3-8351-0154-8 978-3-8348-9917-0},
  language = {de},
  booktitle = {{Methoden der Statistik}},
  publisher = {{Vieweg+Teubner}},
  author = {Krapp, Prof Dr Michael and Nebel, Dipl-Kfm Johannes},
  year = {2011},
  pages = {9--18},
  groups = {B{\"u}cher - Statistik},
  doi = {10.1007/978-3-8348-9917-0_1}
}

@article{ewels_complete_2016,
  title = {A {{Complete Overhaul}} of the {{Electron Energy}}-{{Loss Spectroscopy}} and {{X}}-{{Ray Absorption Spectroscopy Database}}: Eelsdb.Eu},
  volume = {FirstView},
  issn = {1435-8115},
  shorttitle = {A {{Complete Overhaul}} of the {{Electron Energy}}-{{Loss Spectroscopy}} and {{X}}-{{Ray Absorption Spectroscopy Database}}},
  doi = {10.1017/S1431927616000179},
  journal = {Microsc. Microanal.},
  author = {Ewels, Philip and Sikora, Thierry and Serin, Virginie and Ewels, Chris P. and Lajaunie, Luc},
  year = {2016},
  pages = {1--8},
  groups = {Dissertation}
}

@incollection{alexander_dynamische_1997,
  series = {Teubner Studienb{\"u}cher Angewandte Physik},
  title = {{Dynamische Theorie der Beugungskontraste}},
  copyright = {\textcopyright{}1997 Springer Fachmedien Wiesbaden},
  isbn = {978-3-519-03221-2 978-3-663-12296-8},
  language = {de},
  booktitle = {{Physikalische Grundlagen der Elektronenmikroskopie}},
  publisher = {{Vieweg+Teubner Verlag}},
  author = {Alexander, Prof Dr rer nat Helmut},
  year = {1997},
  pages = {148--194},
  groups = {B{\"u}cher - Physik},
  doi = {10.1007/978-3-663-12296-8_2}
}

@article{daberkow_performance_1991,
  title = {Performance of Electron Image Converters with {{YAG}} Single-Crystal Screen and {{CCD}} Sensor},
  volume = {38},
  issn = {0304-3991},
  doi = {10.1016/0304-3991(91)90156-Z},
  number = {3},
  journal = {Ultramicroscopy},
  author = {Daberkow, I. and Herrmann, K. -H. and Liu, Libin and Rau, W. D.},
  year = {1991},
  pages = {215--223}
}

@incollection{brandt_*grundlagen_2005,
  series = {Springer-Lehrbuch},
  title = {{*Grundlagen des Ladungstransports in Festk{\"o}rpern. B{\"a}ndermodell}},
  copyright = {\textcopyright{}2005 Springer-Verlag Berlin Heidelberg},
  isbn = {978-3-540-21458-8 978-3-540-26766-9},
  language = {de},
  booktitle = {{Elektrodynamik}},
  publisher = {{Springer Berlin Heidelberg}},
  author = {Brandt, Siegmund and Dahmen, Hans Dieter},
  year = {2005},
  pages = {145--171},
  groups = {B{\"u}cher - Physik},
  doi = {10.1007/3-540-26766-2_6}
}

@article{wachsmuth_plasmon_2014,
  title = {Plasmon Bands in Multilayer Graphene},
  volume = {90},
  doi = {10.1103/PhysRevB.90.235434},
  number = {23},
  journal = {Phys. Rev. B},
  author = {Wachsmuth, P. and Hambach, R. and Benner, G. and Kaiser, U.},
  year = {2014},
  pages = {235434}
}

@incollection{crozier_nanocharacterization_2011,
  title = {Nanocharacterization of {{Heterogeneous Catalysts}} by {{Ex Situ}} and {{In Situ STEM}}},
  copyright = {\textcopyright{}2011 Springer Science+Business Media, LLC},
  isbn = {978-1-4419-7199-9 978-1-4419-7200-2},
  language = {en},
  booktitle = {Scanning {{Transmission Electron Microscopy}}},
  publisher = {{Springer New York}},
  author = {Crozier, Peter A.},
  editor = {Pennycook, Stephen J. and Nellist, Peter D.},
  year = {2011},
  pages = {537--582},
  groups = {B{\"u}cher - Physik},
  doi = {10.1007/978-1-4419-7200-2_13}
}

@incollection{brandt_elektromagnetische_2005,
  series = {Springer-Lehrbuch},
  title = {{Elektromagnetische Wellen}},
  copyright = {\textcopyright{}2005 Springer-Verlag Berlin Heidelberg},
  isbn = {978-3-540-21458-8 978-3-540-26766-9},
  language = {de},
  booktitle = {{Elektrodynamik}},
  publisher = {{Springer Berlin Heidelberg}},
  author = {Brandt, Siegmund and Dahmen, Hans Dieter},
  year = {2005},
  pages = {399--448},
  groups = {B{\"u}cher - Physik},
  doi = {10.1007/3-540-26766-2_12}
}

@incollection{brandt_ladungstransport_2005,
  series = {Springer-Lehrbuch},
  title = {{Ladungstransport durch Grenzfl{\"a}chen. Schaltelemente}},
  copyright = {\textcopyright{}2005 Springer-Verlag Berlin Heidelberg},
  isbn = {978-3-540-21458-8 978-3-540-26766-9},
  language = {de},
  booktitle = {{Elektrodynamik}},
  publisher = {{Springer Berlin Heidelberg}},
  author = {Brandt, Siegmund and Dahmen, Hans Dieter},
  year = {2005},
  pages = {172--216},
  groups = {B{\"u}cher - Physik},
  doi = {10.1007/3-540-26766-2_7}
}

@incollection{brandt_coulomb-streuung_2015,
  title = {{Coulomb-Streuung}},
  copyright = {\textcopyright{}2015 Springer-Verlag Berlin Heidelberg},
  isbn = {978-3-662-46386-4 978-3-662-46387-1},
  language = {de},
  booktitle = {{Quantenmechanik in Bildern}},
  publisher = {{Springer Berlin Heidelberg}},
  author = {Brandt, Siegmund and Dahmen, Hans Dieter},
  year = {2015},
  pages = {348--364},
  groups = {B{\"u}cher - Physik},
  doi = {10.1007/978-3-662-46387-1_16}
}

@incollection{brandt_quasistationare_2005,
  series = {Springer-Lehrbuch},
  title = {{Quasistation{\"a}re Vorg{\"a}nge. Wechselstrom}},
  copyright = {\textcopyright{}2005 Springer-Verlag Berlin Heidelberg},
  isbn = {978-3-540-21458-8 978-3-540-26766-9},
  language = {de},
  booktitle = {{Elektrodynamik}},
  publisher = {{Springer Berlin Heidelberg}},
  author = {Brandt, Siegmund and Dahmen, Hans Dieter},
  year = {2005},
  pages = {307--355},
  groups = {B{\"u}cher - Physik},
  doi = {10.1007/3-540-26766-2_10}
}

@article{baibich_giant_1988,
  title = {Giant {{Magnetoresistance}} of (001){{Fe}}/(001){{Cr Magnetic Superlattices}}},
  volume = {61},
  doi = {10.1103/PhysRevLett.61.2472},
  number = {21},
  journal = {Phys. Rev. Lett.},
  author = {Baibich, M. N. and Broto, J. M. and Fert, A. and Van Dau, F. Nguyen and Petroff, F. and Etienne, P. and Creuzet, G. and Friederich, A. and Chazelas, J.},
  year = {1988},
  pages = {2472--2475}
}

@incollection{fultz_high-resolution_2008,
  title = {High-{{Resolution STEM Imaging}}},
  copyright = {\textcopyright{}2008 Springer-Verlag Berlin Heidelberg},
  isbn = {978-3-540-73885-5 978-3-540-73886-2},
  language = {en},
  booktitle = {Transmission {{Electron Microscopy}} and {{Diffractometry}} of {{Materials}}},
  publisher = {{Springer Berlin Heidelberg}},
  author = {Fultz, Brent and Howe, James M.},
  year = {2008},
  pages = {583--609},
  groups = {B{\"u}cher - Physik},
  doi = {10.1007/978-3-540-73886-2_11}
}

@incollection{brandt_nichtinertialsysteme_2005,
  series = {Springer-Lehrbuch},
  title = {{Nichtinertialsysteme}},
  copyright = {\textcopyright{}2005 Springer-Verlag Berlin Heidelberg},
  isbn = {978-3-540-21666-7 978-3-540-26767-6},
  language = {de},
  booktitle = {{Mechanik}},
  publisher = {{Springer Berlin Heidelberg}},
  author = {Brandt, Siegmund and Dahmen, Hans Dieter},
  year = {2005},
  pages = {131--147},
  groups = {B{\"u}cher - Physik},
  doi = {10.1007/3-540-26767-0_6}
}

@incollection{brandt_relativistische_2005,
  series = {Springer-Lehrbuch},
  title = {{Relativistische Elektrodynamik}},
  copyright = {\textcopyright{}2005 Springer-Verlag Berlin Heidelberg},
  isbn = {978-3-540-21458-8 978-3-540-26766-9},
  language = {de},
  booktitle = {{Elektrodynamik}},
  publisher = {{Springer Berlin Heidelberg}},
  author = {Brandt, Siegmund and Dahmen, Hans Dieter},
  year = {2005},
  pages = {449--531},
  groups = {B{\"u}cher - Physik},
  doi = {10.1007/3-540-26766-2_13}
}

@incollection{brandt_messungen_2015,
  series = {essentials},
  title = {{Messungen als Stichproben}},
  copyright = {\textcopyright{}2015 Springer Fachmedien Wiesbaden},
  isbn = {978-3-658-10068-1 978-3-658-10069-8},
  language = {de},
  booktitle = {{Analyse empirischer und experimenteller Daten}},
  publisher = {{Springer Fachmedien Wiesbaden}},
  author = {Brandt, Prof Dr Siegmund},
  year = {2015},
  pages = {15--19},
  groups = {B{\"u}cher - Statistik},
  doi = {10.1007/978-3-658-10069-8_3}
}

@article{didden_energieverlustmessungen_????,
  title = {{Energieverlustmessungen mit 60 keV Elektronen an amorphem und polykristallinem Selen und Tellur und Bestimmung optischer Konstanten}},
  volume = {257},
  issn = {0044-3328},
  doi = {10.1007/BF01392989},
  language = {de},
  number = {4},
  journal = {Z. Physik},
  author = {Didden, N.},
  pages = {310--319}
}

@book{grupen_grundkurs_2008,
  address = {Berlin, Heidelberg},
  title = {{Grundkurs Strahlenschutz}},
  isbn = {978-3-540-75848-8 978-3-540-75849-5},
  language = {de},
  publisher = {{Springer Berlin Heidelberg}},
  author = {Grupen, Claus},
  year = {2008},
  groups = {Versuch A3,Versuch A3}
}

@incollection{brandt_elektrostatik_2005,
  series = {Springer-Lehrbuch},
  title = {{Elektrostatik in Anwesenheit von Leitern}},
  copyright = {\textcopyright{}2005 Springer-Verlag Berlin Heidelberg},
  isbn = {978-3-540-21458-8 978-3-540-26766-9},
  language = {de},
  booktitle = {{Elektrodynamik}},
  publisher = {{Springer Berlin Heidelberg}},
  author = {Brandt, Siegmund and Dahmen, Hans Dieter},
  year = {2005},
  pages = {48--74},
  groups = {B{\"u}cher - Physik},
  doi = {10.1007/3-540-26766-2_3}
}

@incollection{fels_technik_2015,
  title = {{Technik}},
  copyright = {\textcopyright{}2015 Springer Fachmedien Wiesbaden},
  isbn = {978-3-658-07288-9 978-3-658-07289-6},
  language = {de},
  booktitle = {{Praxishandbuch Big Data}},
  publisher = {{Springer Fachmedien Wiesbaden}},
  author = {Fels, Gernot and Lanquillon, Carsten and Mallow, Hauke and Schinkel, Fritz and Schulmeyer, Christian},
  editor = {Dorschel, Joachim},
  year = {2015},
  pages = {255--330},
  groups = {B{\"u}cher - Data Science},
  doi = {10.1007/978-3-658-07289-6_4}
}

@incollection{lebeau_application_2011,
  title = {Application to {{Semiconductors}}},
  copyright = {\textcopyright{}2011 Springer Science+Business Media, LLC},
  isbn = {978-1-4419-7199-9 978-1-4419-7200-2},
  language = {en},
  booktitle = {Scanning {{Transmission Electron Microscopy}}},
  publisher = {{Springer New York}},
  author = {LeBeau, James M. and Klenov, Dmitri O. and Stemmer, Susanne},
  editor = {Pennycook, Stephen J. and Nellist, Peter D.},
  year = {2011},
  pages = {523--536},
  groups = {B{\"u}cher - Physik},
  doi = {10.1007/978-1-4419-7200-2_12}
}

@article{pun_weighted_1985,
  title = {Weighted Least Squares Estimation of Background in {{EELS}} Imaging},
  volume = {137},
  issn = {1365-2818},
  doi = {10.1111/j.1365-2818.1985.tb02565.x},
  language = {en},
  number = {1},
  journal = {J. Microsc.},
  author = {Pun, Thierry and Ellis, James R. and Eden, Murray},
  year = {1985},
  pages = {93--100},
  groups = {Dissertation,zitiert,zitiert}
}

@incollection{grupen_strahlungsquellen_2008,
  title = {{Strahlungsquellen}},
  copyright = {\textcopyright{}2008 Springer-Verlag Berlin Heidelberg},
  isbn = {978-3-540-75848-8 978-3-540-75849-5},
  language = {de},
  booktitle = {{Grundkurs Strahlenschutz}},
  publisher = {{Springer Berlin Heidelberg}},
  author = {Grupen, Claus},
  year = {2008},
  pages = {200--213},
  groups = {Versuch A3,Versuch A3},
  doi = {10.1007/978-3-540-75849-5_14}
}

@article{yamamoto_nano-scale_2014,
  title = {Nano-Scale Simultaneous Observation of {{Li}}-Concentration Profile and {{Ti}}-, {{O}} Electronic Structure Changes in an All-Solid-State {{Li}}-Ion Battery by Spatially-Resolved Electron Energy-Loss Spectroscopy},
  volume = {266},
  issn = {0378-7753},
  doi = {10.1016/j.jpowsour.2014.04.154},
  journal = {Journal of Power Sources},
  author = {Yamamoto, Kazuo and Yoshida, Ryuji and Sato, Takeshi and Matsumoto, Hiroaki and Kurobe, Hisanori and Hamanaka, Tadashi and Kato, Takehisa and Iriyama, Yasutoshi and Hirayama, Tsukasa},
  year = {2014},
  pages = {414--421}
}

@incollection{brandt_elektrostatik_2005-1,
  series = {Springer-Lehrbuch},
  title = {{Elektrostatik in Abwesenheit von Materie}},
  copyright = {\textcopyright{}2005 Springer-Verlag Berlin Heidelberg},
  isbn = {978-3-540-21458-8 978-3-540-26766-9},
  language = {de},
  booktitle = {{Elektrodynamik}},
  publisher = {{Springer Berlin Heidelberg}},
  author = {Brandt, Siegmund and Dahmen, Hans Dieter},
  year = {2005},
  pages = {10--47},
  groups = {B{\"u}cher - Physik},
  doi = {10.1007/3-540-26766-2_2}
}

@article{dorcet_extrax:_2010,
  title = {{{EXTRAX}}: An {{ImageJ}} Plug-in for Electron Diffraction Intensity Extraction},
  volume = {43},
  copyright = {International Union of Crystallography, 2010},
  issn = {1600-5767},
  shorttitle = {{{EXTRAX}}},
  doi = {10.1107/S0021889809049267},
  language = {en},
  number = {1},
  journal = {J. Appl. Cryst.},
  author = {Dorcet, V. and Larose, X. and Fermin, C. and Bissey, M. and Boullay, P.},
  year = {2010},
  pages = {191--195}
}

@misc{wikipedia_boxplot_2017,
  title = {Boxplot --- Wikipedia{,} Die freie Enzyklopädie},
  author = {{Wikipedia}},
  year = {2017},
  note = {[Online; Stand 31. März 2017]},
  groups = {Zitate_Wikipedia}
}

@incollection{brandt_magnetische_2005,
  series = {Springer-Lehrbuch},
  title = {{Das magnetische Flu{\ss}dichtefeld des station{\"a}ren Stromes. Lorentz-Kraft}},
  copyright = {\textcopyright{}2005 Springer-Verlag Berlin Heidelberg},
  isbn = {978-3-540-21458-8 978-3-540-26766-9},
  language = {de},
  booktitle = {{Elektrodynamik}},
  publisher = {{Springer Berlin Heidelberg}},
  author = {Brandt, Siegmund and Dahmen, Hans Dieter},
  year = {2005},
  pages = {217--268},
  groups = {B{\"u}cher - Physik},
  doi = {10.1007/3-540-26766-2_8}
}

@article{steigerwald_corrected_2009,
  title = {Corrected {{Electron Optics}}-{{Improved Resolution}} and {{New Analysis Capabilities}}},
  volume = {1173},
  issn = {0094-243X},
  doi = {10.1063/1.3251228},
  language = {en},
  number = {1},
  journal = {AIP Conference Proceedings},
  author = {Steigerwald, M. and Benner, G. and Mantz, U. and Preikszas, D.},
  year = {2009},
  pages = {241--248}
}

@article{de_ruijter_imaging_1995,
  title = {Imaging Properties and Applications of Slow-Scan Charge-Coupled Device Cameras Suitable for Electron Microscopy},
  volume = {26},
  issn = {0968-4328},
  doi = {10.1016/0968-4328(95)00054-8},
  number = {3},
  journal = {Micron},
  author = {De Ruijter, W. J.},
  year = {1995},
  pages = {247--275},
  groups = {Dissertation,zitiert,zitiert}
}

@misc{wikipedia_nan_2017,
  title = {NaN --- Wikipedia{,} Die freie Enzyklopädie},
  author = {{Wikipedia}},
  year = {2017},
  note = {[Online; Stand 31. März 2017]},
  groups = {Zitate_Wikipedia}
}

@article{thomas_introduction_2002,
  title = {An {{Introduction}} to {{Energy}}-{{Filtered Transmission Electron Microscopy}}},
  volume = {21},
  issn = {1022-5528, 1572-9028},
  doi = {10.1023/A:1021377125838},
  language = {en},
  number = {4},
  journal = {Topics in Catalysis},
  author = {Thomas, P. J. and Midgley, P. A.},
  year = {2002},
  pages = {109--138},
  groups = {Dissertation,zitiert,zitiert}
}

@incollection{varela_applications_2011,
  title = {Applications of {{Aberration}}-{{Corrected Scanning Transmission Electron Microscopy}} and {{Electron Energy Loss Spectroscopy}} to {{Complex Oxide Materials}}},
  copyright = {\textcopyright{}2011 Springer Science+Business Media, LLC},
  isbn = {978-1-4419-7199-9 978-1-4419-7200-2},
  language = {en},
  booktitle = {Scanning {{Transmission Electron Microscopy}}},
  publisher = {{Springer New York}},
  author = {Varela, Maria and Gazquez, Jaume and Pennycook, Timothy J. and Magen, Cesar and Oxley, Mark P. and Pennycook, Stephen J.},
  editor = {Pennycook, Stephen J. and Nellist, Peter D.},
  year = {2011},
  pages = {429--466},
  groups = {B{\"u}cher - Physik},
  doi = {10.1007/978-1-4419-7200-2_10}
}

@article{schmid_improved_2014,
  title = {Improved {{Thin}}-{{Film Transistor Performance Through}} a {{Melt}} of {{Poly}}(Para-Phenyleneethynylene)},
  volume = {35},
  issn = {1521-3927},
  doi = {10.1002/marc.201400203},
  language = {en},
  number = {20},
  journal = {Macromol. Rapid Commun.},
  author = {Schmid, Stefanie and Kast, Anne K. and Schr{\"o}der, Rasmus R. and Bunz, Uwe H. F. and Melzer, Christian},
  year = {2014},
  pages = {1770--1775}
}

@article{egerton_range_1981,
  title = {The Range of Validity of {{EELS}} Microanalysis Formulae},
  volume = {6},
  issn = {0304-3991},
  doi = {10.1016/S0304-3991(81)80212-4},
  number = {1},
  journal = {Ultramicroscopy},
  author = {Egerton, Ray F.},
  year = {1981},
  pages = {297--300}
}

@incollection{brandt_dreidimensionale_2015,
  title = {{Dreidimensionale Quantenmechanik: Streuung durch ein Potential}},
  copyright = {\textcopyright{}2015 Springer-Verlag Berlin Heidelberg},
  isbn = {978-3-662-46386-4 978-3-662-46387-1},
  shorttitle = {{Dreidimensionale Quantenmechanik}},
  language = {de},
  booktitle = {{Quantenmechanik in Bildern}},
  publisher = {{Springer Berlin Heidelberg}},
  author = {Brandt, Siegmund and Dahmen, Hans Dieter},
  year = {2015},
  pages = {241--259},
  groups = {B{\"u}cher - Physik},
  doi = {10.1007/978-3-662-46387-1_12}
}

@article{reimer_energy-filtering_1992,
  title = {Energy-Filtering Transmission Electron Microscopy in Materials Science},
  volume = {3},
  issn = {1154-2799},
  doi = {10.1051/mmm:0199200302-3014100},
  number = {2-3},
  journal = {Microsc. Microanal. Microstruct.},
  author = {Reimer, Ludwig and Fromm, Inge and H{\"u}lk, Christoph and Rennekamp, Reinhold},
  year = {1992},
  pages = {141--157},
  groups = {Dissertation}
}

@incollection{dorschel_wirtschaft_2015,
  title = {{Wirtschaft}},
  copyright = {\textcopyright{}2015 Springer Fachmedien Wiesbaden},
  isbn = {978-3-658-07288-9 978-3-658-07289-6},
  language = {de},
  booktitle = {{Praxishandbuch Big Data}},
  publisher = {{Springer Fachmedien Wiesbaden}},
  author = {Dorschel, Joachim and Dorschel, Werner and F{\"o}hl, Ulrich and van Geenen, Wilhelmus and Hertweck, Dieter and Kinitzki, Martin and K{\"u}ller, Philipp and Lanquillon, Carsten and Mallow, Hauke and M{\"a}rz, Lothar and Omri, Fouad and Schacht, Sigurd and Stremler, Alphonse and Theobald, Elke},
  editor = {Dorschel, Joachim},
  year = {2015},
  pages = {15--166},
  groups = {B{\"u}cher - Data Science},
  doi = {10.1007/978-3-658-07289-6_2}
}

@book{egerton_electron_1996,
  address = {New York},
  edition = {Second Edition},
  title = {Electron {{Energy}}-{{Loss Spectroscopy}} in the {{Electron Microscope}}},
  isbn = {0-306-45223-5},
  language = {en},
  publisher = {{Springer Science+Business Media}},
  author = {Egerton, Ray F.},
  year = {1996},
  doi = {10.1007/978-1-4757-5099-7}
}

@incollection{kolanoski_1_2016,
  title = {{1 Einleitung}},
  copyright = {\textcopyright{}2016 Springer-Verlag Berlin Heidelberg},
  isbn = {978-3-662-45349-0 978-3-662-45350-6},
  language = {de},
  booktitle = {{Teilchendetektoren}},
  publisher = {{Springer Berlin Heidelberg}},
  author = {Kolanoski, Hermann and Wermes, Norbert},
  year = {2016},
  pages = {1--3},
  groups = {Teilchendetektoren,Teilchendetektoren},
  doi = {10.1007/978-3-662-45350-6_1}
}

@incollection{kolanoski_8_2016,
  title = {{8 Halbleiterdetektoren}},
  copyright = {\textcopyright{}2016 Springer-Verlag Berlin Heidelberg},
  isbn = {978-3-662-45349-0 978-3-662-45350-6},
  language = {de},
  booktitle = {{Teilchendetektoren}},
  publisher = {{Springer Berlin Heidelberg}},
  author = {Kolanoski, Hermann and Wermes, Norbert},
  year = {2016},
  pages = {269--383},
  groups = {Teilchendetektoren,Teilchendetektoren},
  doi = {10.1007/978-3-662-45350-6_8}
}

@article{kohl_resolution_1995,
  title = {The Resolution Limit for Elemental Mapping in Energy-Filtering Transmission Electron Microscopy},
  volume = {59},
  issn = {0304-3991},
  doi = {10.1016/0304-3991(95)00028-Y},
  number = {1},
  journal = {Ultramicroscopy},
  author = {Kohl, Helmut and Berger, Arthur},
  year = {1995},
  pages = {191--194},
  groups = {Dissertation}
}

@article{wachsmuth_high-energy_2013,
  title = {High-Energy Collective Electronic Excitations in Free-Standing Single-Layer Graphene},
  volume = {88},
  doi = {10.1103/PhysRevB.88.075433},
  number = {7},
  journal = {Phys. Rev. B},
  author = {Wachsmuth, P. and Hambach, R. and Kinyanjui, M. K. and Guzzo, M. and Benner, G. and Kaiser, U.},
  year = {2013},
  pages = {075433}
}

@incollection{egerton_analytical_2005,
  title = {Analytical {{Electron Microscopy}}},
  copyright = {\textcopyright{}2005 Springer Science+Business Media, Inc.},
  isbn = {978-0-387-25800-3 978-0-387-26016-7},
  language = {en},
  booktitle = {Physical {{Principles}} of {{Electron Microscopy}}},
  publisher = {{Springer US}},
  author = {Egerton, Ray F.},
  year = {2005},
  pages = {155--175},
  groups = {B{\"u}cher - Physik},
  doi = {10.1007/0-387-26016-1_6}
}

@book{dongen_einfuhrungskurs_2015,
  title = {{Einf{\"u}hrungskurs Mathematik und Rechenmethoden: F{\"u}r Studierende der Physik und weiterer mathematisch-naturwissenschaftlicher F{\"a}cher}},
  isbn = {978-3-658-07520-0},
  shorttitle = {{Einf{\"u}hrungskurs Mathematik und Rechenmethoden}},
  language = {de},
  publisher = {{Springer-Verlag}},
  author = {van Dongen, Peter},
  year = {2015},
  groups = {B{\"u}cher - Matematik}
}

@incollection{kolanoski_2_2016,
  title = {{2 {\"U}berblick}},
  copyright = {\textcopyright{}2016 Springer-Verlag Berlin Heidelberg},
  isbn = {978-3-662-45349-0 978-3-662-45350-6},
  language = {de},
  booktitle = {{Teilchendetektoren}},
  publisher = {{Springer Berlin Heidelberg}},
  author = {Kolanoski, Hermann and Wermes, Norbert},
  year = {2016},
  pages = {5--26},
  groups = {Teilchendetektoren,Teilchendetektoren},
  doi = {10.1007/978-3-662-45350-6_2}
}

@article{hovden_open-source_2013,
  title = {The {{Open}}-{{Source Cornell Spectrum Imager}}},
  volume = {21},
  issn = {1551-9295, 2150-3583},
  doi = {10.1017/S1551929512000995},
  language = {en},
  number = {01},
  journal = {Microsc. Today},
  author = {Hovden, Robert and Cueva, Paul and Mundy, Julia A. and Muller, David A.},
  year = {2013},
  pages = {40--44},
  groups = {zitiert,zitiert}
}

@article{rueden_imagej2:_2017,
  title = {{{ImageJ2}}: {{ImageJ}} for the next Generation of Scientific Image Data},
  shorttitle = {{{ImageJ2}}},
  archivePrefix = {arXiv},
  eprinttype = {arxiv},
  eprint = {1701.05940},
  primaryClass = {cs, q-bio},
  journal = {arXiv:1701.05940 [cs, q-bio]},
  author = {Rueden, Curtis T. and Schindelin, Johannes and Hiner, Mark C. and DeZonia, Barry E. and Walter, Alison E. and Eliceiri, Kevin W.},
  year = {2017}
}

@article{krakow_use_1974,
  title = {The Use of Tilted Specimen to Obtain the Contrast Transfer Characteristic of an Electron Microscope},
  volume = {40},
  number = {1},
  journal = {ResearchGate},
  author = {Krakow, W. and Downing, K. N. and Siegel, B. M.},
  year = {1974},
  pages = {1--13},
  groups = {Bachelor-Themen,Bachelor-Themen}
}

@article{pietzsch_imglib2generic_2012,
  title = {{{ImgLib2}}\textemdash{}generic Image Processing in {{Java}}},
  volume = {28},
  issn = {1367-4803, 1460-2059},
  doi = {10.1093/bioinformatics/bts543},
  language = {en},
  number = {22},
  journal = {Bioinformatics},
  author = {Pietzsch, Tobias and Preibisch, Stephan and Toman{\v c}{\'a}k, Pavel and Saalfeld, Stephan},
  year = {2012},
  pages = {3009--3011},
  pmid = {22962343}
}

@misc{center_for_history_and_new_media_schnelleinstieg_????,
  title = {Schnelleinstieg},
  howpublished = {\url{http://zotero.org/support/quick_start_guide}},
  author = {{Center for History and New Media}},
  groups = {Diverse Literatur}
}

@article{berger_optimum_1993,
  title = {Optimum Imaging Parameters for Elemental Mapping in an Energy Filtering Transmission Electron Microscope},
  volume = {92},
  number = {4},
  journal = {Optik},
  author = {Berger, A. and Kohl, H.},
  year = {1993},
  pages = {175--193},
  groups = {Dissertation,zitiert,zitiert}
}

@article{thomas_density_2013,
  title = {Density Measurement of Thin Layers by Electron Energy Loss Spectroscopy ({{EELS}})},
  volume = {50},
  issn = {0968-4328},
  doi = {10.1016/j.micron.2013.05.001},
  journal = {Micron},
  author = {Thomas, J{\"u}rgen and Ramm, J{\"u}rgen and Gemming, Thomas},
  year = {2013},
  pages = {57--61},
  groups = {Dissertation}
}

@incollection{brandt_materiewellen_2015,
  title = {{Materiewellen}},
  copyright = {\textcopyright{}2015 Springer-Verlag Berlin Heidelberg},
  isbn = {978-3-662-46386-4 978-3-662-46387-1},
  language = {de},
  booktitle = {{Quantenmechanik in Bildern}},
  publisher = {{Springer Berlin Heidelberg}},
  author = {Brandt, Siegmund and Dahmen, Hans Dieter},
  year = {2015},
  pages = {34--59},
  groups = {B{\"u}cher - Physik},
  doi = {10.1007/978-3-662-46387-1_3}
}

@article{schaffer_automated_2004,
  title = {Automated Spatial Drift Correction for {{EFTEM}} Image Series},
  volume = {102},
  issn = {0304-3991},
  doi = {10.1016/j.ultramic.2004.08.003},
  number = {1},
  journal = {Ultramicroscopy},
  author = {Schaffer, Bernhard and Grogger, Werner and Kothleitner, Gerald},
  year = {2004},
  pages = {27--36}
}

@article{mitchell_scripting-customised_2005,
  title = {Scripting-Customised Microscopy Tools for {{Digital Micrograph}}\texttrademark{}},
  volume = {103},
  issn = {0304-3991},
  doi = {10.1016/j.ultramic.2005.02.003},
  number = {4},
  journal = {Ultramicroscopy},
  author = {Mitchell, D. R. G. and Schaffer, B.},
  year = {2005},
  pages = {319--332}
}

@article{trebbia_unbiased_1988,
  title = {Unbiased Method for Signal Estimation in Electron Energy Loss Spectroscopy, Concentration Measurements and Detection Limits in Quantitative Microanalysis: {{Methods}} and Programs},
  volume = {24},
  issn = {0304-3991},
  shorttitle = {Unbiased Method for Signal Estimation in Electron Energy Loss Spectroscopy, Concentration Measurements and Detection Limits in Quantitative Microanalysis},
  doi = {10.1016/0304-3991(88)90130-1},
  number = {4},
  journal = {Ultramicroscopy},
  author = {Trebbia, Pierre},
  year = {1988},
  pages = {399--408},
  groups = {Dissertation,zitiert,zitiert}
}

@incollection{krapp_induktive_2011,
  title = {{Induktive Statistik}},
  copyright = {\textcopyright{}2011 Vieweg+Teubner Verlag | Springer Fachmedien Wiesbaden GmbH},
  isbn = {978-3-8351-0154-8 978-3-8348-9917-0},
  language = {de},
  booktitle = {{Methoden der Statistik}},
  publisher = {{Vieweg+Teubner}},
  author = {Krapp, Prof Dr Michael and Nebel, Dipl-Kfm Johannes},
  year = {2011},
  pages = {47--105},
  groups = {B{\"u}cher - Statistik},
  doi = {10.1007/978-3-8348-9917-0_3}
}

@incollection{liu_possibility_2012,
  title = {On the {{Possibility}} of {{Layered Crystals Application}} for {{Solid State Hydrogen Storages}} - {{InSe}} and {{GaSe Crystals}}},
  isbn = {978-953-51-0731-6},
  language = {en},
  booktitle = {Hydrogen {{Storage}}},
  publisher = {{InTech}},
  author = {Zhirko, Yuriy and Trachevsky, Volodymyr and Kovalyuk, Zakhar},
  editor = {Liu, Jianjun},
  year = {2012},
  groups = {B{\"u}cher - Physik,B{\"u}cher - Statistik}
}

@incollection{fultz_diffraction_2008-1,
  title = {Diffraction {{Contrast}} in {{TEM Images}}},
  copyright = {\textcopyright{}2008 Springer-Verlag Berlin Heidelberg},
  isbn = {978-3-540-73885-5 978-3-540-73886-2},
  language = {en},
  booktitle = {Transmission {{Electron Microscopy}} and {{Diffractometry}} of {{Materials}}},
  publisher = {{Springer Berlin Heidelberg}},
  author = {Fultz, Brent and Howe, James M.},
  year = {2008},
  pages = {337--421},
  groups = {B{\"u}cher - Physik},
  doi = {10.1007/978-3-540-73886-2_7}
}

@incollection{grupen_einheiten_2008,
  title = {{Einheiten des Strahlenschutzes}},
  copyright = {\textcopyright{}2008 Springer-Verlag Berlin Heidelberg},
  isbn = {978-3-540-75848-8 978-3-540-75849-5},
  language = {de},
  booktitle = {{Grundkurs Strahlenschutz}},
  publisher = {{Springer Berlin Heidelberg}},
  author = {Grupen, Claus},
  year = {2008},
  pages = {4--18},
  groups = {Versuch A3,Versuch A3},
  doi = {10.1007/978-3-540-75849-5_2}
}

@incollection{lupini_electron_2011,
  title = {The {{Electron Ronchigram}}},
  copyright = {\textcopyright{}2011 Springer Science+Business Media, LLC},
  isbn = {978-1-4419-7199-9 978-1-4419-7200-2},
  language = {en},
  booktitle = {Scanning {{Transmission Electron Microscopy}}},
  publisher = {{Springer New York}},
  author = {Lupini, Andrew R.},
  editor = {Pennycook, Stephen J. and Nellist, Peter D.},
  year = {2011},
  pages = {117--161},
  groups = {B{\"u}cher - Physik},
  doi = {10.1007/978-1-4419-7200-2_3}
}

@incollection{brandt_einfache_2015,
  title = {{Einfache Aspekte der Struktur der Quantenmechanik}},
  copyright = {\textcopyright{}2015 Springer-Verlag Berlin Heidelberg},
  isbn = {978-3-662-46386-4 978-3-662-46387-1},
  language = {de},
  booktitle = {{Quantenmechanik in Bildern}},
  publisher = {{Springer Berlin Heidelberg}},
  author = {Brandt, Siegmund and Dahmen, Hans Dieter},
  year = {2015},
  pages = {429--441},
  groups = {B{\"u}cher - Physik},
  doi = {10.1007/978-3-662-46387-1_19}
}

@incollection{radtke_energy_2011,
  title = {Energy {{Loss Near}}-{{Edge Structures}}},
  copyright = {\textcopyright{}2011 Springer Science+Business Media, LLC},
  isbn = {978-1-4419-7199-9 978-1-4419-7200-2},
  language = {en},
  booktitle = {Scanning {{Transmission Electron Microscopy}}},
  publisher = {{Springer New York}},
  author = {Radtke, Guillaume and Botton, Gianluigi A.},
  editor = {Pennycook, Stephen J. and Nellist, Peter D.},
  year = {2011},
  pages = {207--245},
  groups = {B{\"u}cher - Physik},
  doi = {10.1007/978-1-4419-7200-2_5}
}

@article{reimer_operation_1988,
  title = {Operation Modes of Electron Spectroscopic Imaging and Electron Energy-Loss Spectroscopy in a Transmission Electron Microscope},
  volume = {24},
  issn = {0304-3991},
  doi = {10.1016/0304-3991(88)90126-X},
  number = {4},
  journal = {Ultramicroscopy},
  author = {Reimer, L. and Fromm, I. and Rennekamp, R.},
  year = {1988},
  pages = {339--354},
  groups = {Dissertation}
}

@incollection{brandt_eindimensionale_2015-1,
  title = {{Eindimensionale Quantenmechanik: Streuung durch ein Potential}},
  copyright = {\textcopyright{}2015 Springer-Verlag Berlin Heidelberg},
  isbn = {978-3-662-46386-4 978-3-662-46387-1},
  shorttitle = {{Eindimensionale Quantenmechanik}},
  language = {de},
  booktitle = {{Quantenmechanik in Bildern}},
  publisher = {{Springer Berlin Heidelberg}},
  author = {Brandt, Siegmund and Dahmen, Hans Dieter},
  year = {2015},
  pages = {83--116},
  groups = {B{\"u}cher - Physik},
  doi = {10.1007/978-3-662-46387-1_5}
}

@article{dudeck_quantitative_2012,
  series = {Applications of EELS in Materials and Physics Research},
  title = {Quantitative Statistical Analysis, Optimization and Noise Reduction of Atomic Resolved Electron Energy Loss Spectrum Images},
  volume = {43},
  issn = {0968-4328},
  doi = {10.1016/j.micron.2011.07.008},
  number = {1},
  journal = {Micron},
  author = {Dudeck, K. J. and Couillard, M. and Lazar, S. and Dwyer, C. and Botton, G. A.},
  year = {2012},
  pages = {57--67}
}

@book{brandt_quantenmechanik_2015,
  address = {Berlin, Heidelberg},
  title = {{Quantenmechanik in Bildern}},
  isbn = {978-3-662-46386-4 978-3-662-46387-1},
  language = {de},
  publisher = {{Springer Berlin Heidelberg}},
  author = {Brandt, Siegmund and Dahmen, Hans Dieter},
  year = {2015},
  groups = {B{\"u}cher - Physik}
}

@incollection{allen_simulation_2011,
  title = {Simulation and {{Interpretation}} of {{Images}}},
  copyright = {\textcopyright{}2011 Springer Science+Business Media, LLC},
  isbn = {978-1-4419-7199-9 978-1-4419-7200-2},
  language = {en},
  booktitle = {Scanning {{Transmission Electron Microscopy}}},
  publisher = {{Springer New York}},
  author = {Allen, Leslie J. and Findlay, Scott D. and Oxley, Mark P.},
  editor = {Pennycook, Stephen J. and Nellist, Peter D.},
  year = {2011},
  pages = {247--289},
  groups = {B{\"u}cher - Physik},
  doi = {10.1007/978-1-4419-7200-2_6}
}

@incollection{grupen_rontgenverordnung_2008,
  title = {{R{\"o}ntgenverordnung}},
  copyright = {\textcopyright{}2008 Springer-Verlag Berlin Heidelberg},
  isbn = {978-3-540-75848-8 978-3-540-75849-5},
  language = {de},
  booktitle = {{Grundkurs Strahlenschutz}},
  publisher = {{Springer Berlin Heidelberg}},
  author = {Grupen, Claus},
  year = {2008},
  pages = {148--158},
  groups = {Versuch A3,Versuch A3},
  doi = {10.1007/978-3-540-75849-5_10}
}

@article{trebbia_experiment_1989,
  title = {From Experiment to Interpretation: {{Confidence}} Limits},
  volume = {28},
  issn = {0304-3991},
  shorttitle = {From Experiment to Interpretation},
  doi = {10.1016/0304-3991(89)90306-9},
  number = {1},
  journal = {Ultramicroscopy},
  author = {Trebbia, P. and Manoubi, T.},
  year = {1989},
  pages = {266--276}
}

@article{casu_facile_2015,
  title = {A Facile Method to Compare {{EFTEM}} Maps Obtained from Materials Changing Composition over Time},
  volume = {78},
  issn = {1097-0029},
  doi = {10.1002/jemt.22589},
  language = {en},
  number = {12},
  journal = {Microsc. Res. Tech.},
  author = {Casu, Alberto and Genovese, Alessandro and Di Benedetto, Cristiano and Lentijo Mozo, Sergio and Sogne, Elisa and Zuddas, Efisio and Falqui, Andrea},
  year = {2015},
  pages = {1090--1097}
}

@incollection{grupen_strahlenschutz-sicherheit_2008,
  title = {{Strahlenschutz-Sicherheit}},
  copyright = {\textcopyright{}2008 Springer-Verlag Berlin Heidelberg},
  isbn = {978-3-540-75848-8 978-3-540-75849-5},
  language = {de},
  booktitle = {{Grundkurs Strahlenschutz}},
  publisher = {{Springer Berlin Heidelberg}},
  author = {Grupen, Claus},
  year = {2008},
  pages = {140--147},
  groups = {Versuch A3,Versuch A3},
  doi = {10.1007/978-3-540-75849-5_9}
}

@incollection{grupen_gesetzliche_2008,
  title = {{Gesetzliche Grundlagen, Empfehlungen und Richtlinien}},
  copyright = {\textcopyright{}2008 Springer-Verlag Berlin Heidelberg},
  isbn = {978-3-540-75848-8 978-3-540-75849-5},
  language = {de},
  booktitle = {{Grundkurs Strahlenschutz}},
  publisher = {{Springer Berlin Heidelberg}},
  author = {Grupen, Claus},
  year = {2008},
  pages = {89--102},
  groups = {Versuch A3,Versuch A3},
  doi = {10.1007/978-3-540-75849-5_6}
}

@incollection{brandt_gekoppelte_2015,
  title = {{Gekoppelte harmonische Oszillatoren: Unterscheidbare Teilchen}},
  copyright = {\textcopyright{}2015 Springer-Verlag Berlin Heidelberg},
  isbn = {978-3-662-46386-4 978-3-662-46387-1},
  shorttitle = {{Gekoppelte harmonische Oszillatoren}},
  language = {de},
  booktitle = {{Quantenmechanik in Bildern}},
  publisher = {{Springer Berlin Heidelberg}},
  author = {Brandt, Siegmund and Dahmen, Hans Dieter},
  year = {2015},
  pages = {164--176},
  groups = {B{\"u}cher - Physik},
  doi = {10.1007/978-3-662-46387-1_8}
}

@incollection{grupen_wechselwirkung_2008,
  title = {{Wechselwirkung ionisierender Strahlung mit Materie}},
  copyright = {\textcopyright{}2008 Springer-Verlag Berlin Heidelberg},
  isbn = {978-3-540-75848-8 978-3-540-75849-5},
  language = {de},
  booktitle = {{Grundkurs Strahlenschutz}},
  publisher = {{Springer Berlin Heidelberg}},
  author = {Grupen, Claus},
  year = {2008},
  pages = {31--55},
  groups = {Versuch A3,Versuch A3},
  doi = {10.1007/978-3-540-75849-5_4}
}

@article{weickenmeier_quantitative_1995,
  title = {Quantitative Characterization of Point Spread Function and Detection Quantum Efficiency for a {{YAG}} Scintillator Slow Scan {{CCD}} Camera},
  volume = {99},
  number = {4},
  journal = {ResearchGate},
  author = {Weickenmeier, A. L. and Nuchter, W. and Mayer, J.},
  year = {1995},
  pages = {147--154}
}

@incollection{reimer_introduction_1995,
  series = {Springer Series in Optical Sciences},
  title = {Introduction},
  copyright = {\textcopyright{}1995 Springer-Verlag Berlin Heidelberg},
  isbn = {978-3-662-14055-0 978-3-540-48995-5},
  language = {en},
  number = {71},
  booktitle = {Energy-{{Filtering Transmission Electron Microscopy}}},
  publisher = {{Springer Berlin Heidelberg}},
  author = {Reimer, Ludwig},
  editor = {Reimer, Professor Dr Ludwig},
  year = {1995},
  pages = {1--42},
  groups = {B{\"u}cher - Physik},
  doi = {10.1007/978-3-540-48995-5_1}
}

@incollection{fultz_diffraction_2008-2,
  title = {Diffraction and the {{X}}-{{Ray Powder Diffractometer}}},
  copyright = {\textcopyright{}2008 Springer-Verlag Berlin Heidelberg},
  isbn = {978-3-540-73885-5 978-3-540-73886-2},
  language = {en},
  booktitle = {Transmission {{Electron Microscopy}} and {{Diffractometry}} of {{Materials}}},
  publisher = {{Springer Berlin Heidelberg}},
  author = {Fultz, Brent and Howe, James M.},
  year = {2008},
  pages = {1--59},
  groups = {B{\"u}cher - Physik},
  doi = {10.1007/978-3-540-73886-2_1}
}

@incollection{brandt_schwingungen_2005,
  series = {Springer-Lehrbuch},
  title = {{Schwingungen}},
  copyright = {\textcopyright{}2005 Springer-Verlag Berlin Heidelberg},
  isbn = {978-3-540-21666-7 978-3-540-26767-6},
  language = {de},
  booktitle = {{Mechanik}},
  publisher = {{Springer Berlin Heidelberg}},
  author = {Brandt, Siegmund and Dahmen, Hans Dieter},
  year = {2005},
  pages = {189--232},
  groups = {B{\"u}cher - Physik},
  doi = {10.1007/3-540-26767-0_8}
}

@article{egerton_electron_2009,
  title = {Electron Energy-Loss Spectroscopy in the {{TEM}}},
  volume = {72},
  issn = {0034-4885},
  doi = {10.1088/0034-4885/72/1/016502},
  language = {en},
  number = {1},
  journal = {Rep. Prog. Phys.},
  author = {Egerton, Ray F.},
  year = {2009},
  pages = {016502},
  groups = {Dissertation,zitiert,zitiert}
}

@article{stolojan_energy_2006,
  title = {Energy Loss Spectroscopic Profiling across Linear Interfaces: {{The}} Example of Amorphous Carbon Superlattices},
  volume = {106},
  issn = {0304-3991},
  shorttitle = {Energy Loss Spectroscopic Profiling across Linear Interfaces},
  doi = {10.1016/j.ultramic.2005.11.004},
  number = {4\textendash{}5},
  journal = {Ultramicroscopy},
  author = {Stolojan, V. and Moreau, P. and Henley, S. J. and Goringe, M. J. and Silva, S. R. P.},
  year = {2006},
  pages = {346--355}
}

@incollection{egerton_recent_2005,
  title = {Recent {{Developments}}},
  copyright = {\textcopyright{}2005 Springer Science+Business Media, Inc.},
  isbn = {978-0-387-25800-3 978-0-387-26016-7},
  language = {en},
  booktitle = {Physical {{Principles}} of {{Electron Microscopy}}},
  publisher = {{Springer US}},
  author = {Egerton, Ray F.},
  year = {2005},
  pages = {177--189},
  groups = {B{\"u}cher - Physik},
  doi = {10.1007/0-387-26016-1_7}
}

@article{orear_least_1982,
  title = {Least Squares When Both Variables Have Uncertainties},
  volume = {50},
  issn = {0002-9505, 1943-2909},
  doi = {10.1119/1.12972},
  number = {10},
  journal = {Am. J. Phys.},
  author = {Orear, Jay},
  year = {1982},
  pages = {912--916},
  groups = {Diverse Literatur}
}

@incollection{ikuhara_application_2011,
  title = {Application to {{Ceramic Interfaces}}},
  copyright = {\textcopyright{}2011 Springer Science+Business Media, LLC},
  isbn = {978-1-4419-7199-9 978-1-4419-7200-2},
  language = {en},
  booktitle = {Scanning {{Transmission Electron Microscopy}}},
  publisher = {{Springer New York}},
  author = {Ikuhara, Yuichi and Shibata, Naoya},
  editor = {Pennycook, Stephen J. and Nellist, Peter D.},
  year = {2011},
  pages = {467--521},
  groups = {B{\"u}cher - Physik},
  doi = {10.1007/978-1-4419-7200-2_11}
}

@incollection{brandt_wellenpaket_2015,
  title = {{Wellenpaket in drei Dimensionen}},
  copyright = {\textcopyright{}2015 Springer-Verlag Berlin Heidelberg},
  isbn = {978-3-662-46386-4 978-3-662-46387-1},
  language = {de},
  booktitle = {{Quantenmechanik in Bildern}},
  publisher = {{Springer Berlin Heidelberg}},
  author = {Brandt, Siegmund and Dahmen, Hans Dieter},
  year = {2015},
  pages = {192--232},
  groups = {B{\"u}cher - Physik},
  doi = {10.1007/978-3-662-46387-1_10}
}

@incollection{fultz_high-resolution_2008-1,
  title = {High-{{Resolution TEM Imaging}}},
  copyright = {\textcopyright{}2008 Springer-Verlag Berlin Heidelberg},
  isbn = {978-3-540-73885-5 978-3-540-73886-2},
  language = {en},
  booktitle = {Transmission {{Electron Microscopy}} and {{Diffractometry}} of {{Materials}}},
  publisher = {{Springer Berlin Heidelberg}},
  author = {Fultz, Brent and Howe, James M.},
  year = {2008},
  pages = {517--582},
  groups = {B{\"u}cher - Physik},
  doi = {10.1007/978-3-540-73886-2_10}
}

@article{messaoudii_tomoj:_2007,
  title = {{{TomoJ}}: Tomography Software for Three-Dimensional Reconstruction in Transmission Electron Microscopy},
  volume = {8},
  issn = {1471-2105},
  shorttitle = {{{TomoJ}}},
  doi = {10.1186/1471-2105-8-288},
  journal = {BMC Bioinformatics},
  author = {MessaoudiI, C{\'e}dric and Boudier, Thomas and Sorzano, Carlos Oscar Sanchez and Marco, Sergio},
  year = {2007},
  pages = {288},
  pmid = {17683598},
  pmcid = {PMC1976622}
}

@incollection{brandt_starrer_2005,
  series = {Springer-Lehrbuch},
  title = {{Starrer K{\"o}rper. Feste Achsen}},
  copyright = {\textcopyright{}2005 Springer-Verlag Berlin Heidelberg},
  isbn = {978-3-540-21666-7 978-3-540-26767-6},
  language = {de},
  booktitle = {{Mechanik}},
  publisher = {{Springer Berlin Heidelberg}},
  author = {Brandt, Siegmund and Dahmen, Hans Dieter},
  year = {2005},
  pages = {99--116},
  groups = {B{\"u}cher - Physik},
  doi = {10.1007/3-540-26767-0_4}
}

@incollection{brandt_dreidimensionale_2015-1,
  title = {{Dreidimensionale Quantenmechanik: Gebundene Zust{\"a}nde}},
  copyright = {\textcopyright{}2015 Springer-Verlag Berlin Heidelberg},
  isbn = {978-3-662-46386-4 978-3-662-46387-1},
  shorttitle = {{Dreidimensionale Quantenmechanik}},
  language = {de},
  booktitle = {{Quantenmechanik in Bildern}},
  publisher = {{Springer Berlin Heidelberg}},
  author = {Brandt, Siegmund and Dahmen, Hans Dieter},
  year = {2015},
  pages = {260--304},
  groups = {B{\"u}cher - Physik},
  doi = {10.1007/978-3-662-46387-1_13}
}

@misc{rasband_imagej_2004,
  title = {{{ImageJ Disclaimer}}},
  howpublished = {\url{https://imagej.nih.gov/ij/disclaimer.html}},
  author = {Rasband, Wayne},
  year = {2004},
  groups = {Dissertation,zitiert,zitiert}
}

@book{brandt_elektrodynamik_2005,
  address = {Berlin/Heidelberg},
  series = {Springer-Lehrbuch},
  title = {{Elektrodynamik}},
  isbn = {978-3-540-21458-8},
  language = {de},
  publisher = {{Springer-Verlag}},
  author = {Brandt, Siegmund and Dahmen, Hans Dieter},
  year = {2005},
  groups = {B{\"u}cher - Physik}
}

@article{verbeeck_energy-filtered_2004,
  series = {17th International Congress on X-Ray Optics and Microanalysis},
  title = {Energy-Filtered Transmission Electron Microscopy: An Overview},
  volume = {59},
  issn = {0584-8547},
  shorttitle = {Energy-Filtered Transmission Electron Microscopy},
  doi = {10.1016/j.sab.2004.03.020},
  number = {10\textendash{}11},
  journal = {Spectrochimica Acta Part B: Atomic Spectroscopy},
  author = {Verbeeck, J. and Van Dyck, D. and Van Tendeloo, G.},
  year = {2004},
  pages = {1529--1534},
  groups = {Dissertation}
}

@book{bredies_mathematische_2011,
  address = {Wiesbaden},
  title = {{Mathematische Bildverarbeitung}},
  isbn = {978-3-8348-1037-3 978-3-8348-9814-2},
  language = {de},
  publisher = {{Vieweg+Teubner}},
  author = {Bredies, Kristian and Lorenz, Dirk},
  year = {2011},
  groups = {B{\"u}cher - Bildverarbeitung}
}

@incollection{nellist_principles_2011,
  title = {The {{Principles}} of {{STEM Imaging}}},
  copyright = {\textcopyright{}2011 Springer Science+Business Media, LLC},
  isbn = {978-1-4419-7199-9 978-1-4419-7200-2},
  language = {en},
  booktitle = {Scanning {{Transmission Electron Microscopy}}},
  publisher = {{Springer New York}},
  author = {Nellist, Peter D.},
  editor = {Pennycook, Stephen J. and Nellist, Peter D.},
  year = {2011},
  pages = {91--115},
  groups = {B{\"u}cher - Physik},
  doi = {10.1007/978-1-4419-7200-2_2}
}

@incollection{brandt_methode_2015,
  series = {essentials},
  title = {{Die Methode der kleinsten Quadrate}},
  copyright = {\textcopyright{}2015 Springer Fachmedien Wiesbaden},
  isbn = {978-3-658-10068-1 978-3-658-10069-8},
  language = {de},
  booktitle = {{Analyse empirischer und experimenteller Daten}},
  publisher = {{Springer Fachmedien Wiesbaden}},
  author = {Brandt, Prof Dr Siegmund},
  year = {2015},
  pages = {21--28},
  groups = {B{\"u}cher - Statistik},
  doi = {10.1007/978-3-658-10069-8_4}
}

@incollection{brandt_experimentelle_2015,
  title = {{Experimentelle Beispiele}},
  copyright = {\textcopyright{}2015 Springer-Verlag Berlin Heidelberg},
  isbn = {978-3-662-46386-4 978-3-662-46387-1},
  language = {de},
  booktitle = {{Quantenmechanik in Bildern}},
  publisher = {{Springer Berlin Heidelberg}},
  author = {Brandt, Siegmund and Dahmen, Hans Dieter},
  year = {2015},
  pages = {386--428},
  groups = {B{\"u}cher - Physik},
  doi = {10.1007/978-3-662-46387-1_18}
}

@article{berger_elemental_1992,
  title = {Elemental Mapping Using an Imaging Energy Filter: Image Formation and Resolution Limits},
  volume = {3},
  issn = {1154-2799},
  shorttitle = {Elemental Mapping Using an Imaging Energy Filter},
  doi = {10.1051/mmm:0199200302-3015900},
  number = {2-3},
  journal = {Microsc. Microanal. Microstruct.},
  author = {Berger, Arthur and Kohl, Helmut},
  year = {1992},
  pages = {159--174},
  groups = {Dissertation,zitiert,zitiert}
}

@article{tanaka_present_2008,
  title = {Present Status and Future Prospects of Spherical Aberration Corrected {{TEM}}/{{STEM}} for Study of Nanomaterials},
  volume = {9},
  issn = {1468-6996},
  doi = {10.1088/1468-6996/9/1/014111},
  language = {en},
  number = {1},
  journal = {Sci. Technol. Adv. Mater.},
  author = {Tanaka, Nobuo},
  year = {2008},
  pages = {014111},
  groups = {Dissertation,zitiert,zitiert}
}

@book{thomas_analytische_2013,
  address = {Wien},
  title = {{Analytische Transmissionselektronenmikroskopie}},
  isbn = {978-3-7091-1439-1 978-3-7091-1440-7},
  language = {de},
  publisher = {{Springer-Verlag}},
  author = {Thomas, J{\"u}rgen and Gemming, Thomas},
  year = {2013},
  groups = {B{\"u}cher - Physik}
}

@incollection{fultz_scattering_2008,
  title = {Scattering},
  copyright = {\textcopyright{}2008 Springer-Verlag Berlin Heidelberg},
  isbn = {978-3-540-73885-5 978-3-540-73886-2},
  language = {en},
  booktitle = {Transmission {{Electron Microscopy}} and {{Diffractometry}} of {{Materials}}},
  publisher = {{Springer Berlin Heidelberg}},
  author = {Fultz, Brent and Howe, James M.},
  year = {2008},
  pages = {119--162},
  groups = {B{\"u}cher - Physik},
  doi = {10.1007/978-3-540-73886-2_3}
}

@incollection{brandt_dynamik_2005-1,
  series = {Springer-Lehrbuch},
  title = {{Dynamik mehrerer Massenpunkte}},
  copyright = {\textcopyright{}2005 Springer-Verlag Berlin Heidelberg},
  isbn = {978-3-540-21666-7 978-3-540-26767-6},
  language = {de},
  booktitle = {{Mechanik}},
  publisher = {{Springer Berlin Heidelberg}},
  author = {Brandt, Siegmund and Dahmen, Hans Dieter},
  year = {2005},
  pages = {73--98},
  groups = {B{\"u}cher - Physik},
  doi = {10.1007/3-540-26767-0_3}
}

@incollection{brandt_dreidimensionale_2015-2,
  title = {{Dreidimensionale Quantenmechanik: Resonanzstreuung}},
  copyright = {\textcopyright{}2015 Springer-Verlag Berlin Heidelberg},
  isbn = {978-3-662-46386-4 978-3-662-46387-1},
  shorttitle = {{Dreidimensionale Quantenmechanik}},
  language = {de},
  booktitle = {{Quantenmechanik in Bildern}},
  publisher = {{Springer Berlin Heidelberg}},
  author = {Brandt, Siegmund and Dahmen, Hans Dieter},
  year = {2015},
  pages = {322--347},
  groups = {B{\"u}cher - Physik},
  doi = {10.1007/978-3-662-46387-1_15}
}

@article{leonhard_spektrometrie_1954,
  title = {Spektrometrie von {{Elektronen}}-{{Interferenzen}}},
  volume = {9},
  issn = {1865-7109},
  doi = {10.1515/zna-1954-1204},
  number = {12},
  journal = {Z. F{\"u}r Naturforschung A},
  author = {Leonhard, F.},
  year = {1954},
  pages = {1019 -- 1031},
  groups = {Dissertation}
}

@incollection{alexander_analytische_1997,
  series = {Teubner Studienb{\"u}cher Angewandte Physik},
  title = {{Analytische Elektronenmikroskopie (AEM)}},
  copyright = {\textcopyright{}1997 Springer Fachmedien Wiesbaden},
  isbn = {978-3-519-03221-2 978-3-663-12296-8},
  language = {de},
  booktitle = {{Physikalische Grundlagen der Elektronenmikroskopie}},
  publisher = {{Vieweg+Teubner Verlag}},
  author = {Alexander, Prof Dr rer nat Helmut},
  year = {1997},
  pages = {261--284},
  groups = {B{\"u}cher - Physik},
  doi = {10.1007/978-3-663-12296-8_4}
}

@incollection{grupen_strahlenschutz-technik_2008,
  title = {{Strahlenschutz-Technik}},
  copyright = {\textcopyright{}2008 Springer-Verlag Berlin Heidelberg},
  isbn = {978-3-540-75848-8 978-3-540-75849-5},
  language = {de},
  booktitle = {{Grundkurs Strahlenschutz}},
  publisher = {{Springer Berlin Heidelberg}},
  author = {Grupen, Claus},
  year = {2008},
  pages = {112--139},
  groups = {Versuch A3,Versuch A3},
  doi = {10.1007/978-3-540-75849-5_8}
}

@incollection{krapp_regressionsanalyse_2011,
  title = {{Regressionsanalyse}},
  copyright = {\textcopyright{}2011 Vieweg+Teubner Verlag | Springer Fachmedien Wiesbaden GmbH},
  isbn = {978-3-8351-0154-8 978-3-8348-9917-0},
  language = {de},
  booktitle = {{Methoden der Statistik}},
  publisher = {{Vieweg+Teubner}},
  author = {Krapp, Prof Dr Michael and Nebel, Dipl-Kfm Johannes},
  year = {2011},
  pages = {107--123},
  groups = {B{\"u}cher - Statistik},
  doi = {10.1007/978-3-8348-9917-0_4}
}

@incollection{voyles_fluctuation_2011,
  title = {Fluctuation {{Microscopy}} in the {{STEM}}},
  copyright = {\textcopyright{}2011 Springer Science+Business Media, LLC},
  isbn = {978-1-4419-7199-9 978-1-4419-7200-2},
  language = {en},
  booktitle = {Scanning {{Transmission Electron Microscopy}}},
  publisher = {{Springer New York}},
  author = {Voyles, Paul M. and Bogle, Stephanie and Abelson, John R.},
  editor = {Pennycook, Stephen J. and Nellist, Peter D.},
  year = {2011},
  pages = {725--756},
  groups = {B{\"u}cher - Physik},
  doi = {10.1007/978-1-4419-7200-2_18}
}

@incollection{egerton_electron_2005,
  title = {Electron {{Optics}}},
  copyright = {\textcopyright{}2005 Springer Science+Business Media, Inc.},
  isbn = {978-0-387-25800-3 978-0-387-26016-7},
  language = {en},
  booktitle = {Physical {{Principles}} of {{Electron Microscopy}}},
  publisher = {{Springer US}},
  author = {Egerton, Ray F.},
  year = {2005},
  pages = {27--55},
  groups = {B{\"u}cher - Physik},
  doi = {10.1007/0-387-26016-1_2}
}

@incollection{brandt_magnetische_2005-1,
  series = {Springer-Lehrbuch},
  title = {{Magnetische Erscheinungen in Materie}},
  copyright = {\textcopyright{}2005 Springer-Verlag Berlin Heidelberg},
  isbn = {978-3-540-21458-8 978-3-540-26766-9},
  language = {de},
  booktitle = {{Elektrodynamik}},
  publisher = {{Springer Berlin Heidelberg}},
  author = {Brandt, Siegmund and Dahmen, Hans Dieter},
  year = {2005},
  pages = {269--306},
  groups = {B{\"u}cher - Physik},
  doi = {10.1007/3-540-26766-2_9}
}

@article{brink_sub-50_2003,
  series = {Proceedings of the International Workshop on Strategies and Advances in Atomic Level Spectroscopy and Analysis},
  title = {A Sub-50 {{meV}} Spectrometer and Energy Filter for Use in Combination with 200 {{kV}} Monochromated ({{S}}){{TEMs}}},
  volume = {96},
  issn = {0304-3991},
  doi = {10.1016/S0304-3991(03)00102-5},
  number = {3\textendash{}4},
  journal = {Ultramicroscopy},
  author = {Brink, H. A. and Barfels, M. M. G. and Burgner, R. P. and Edwards, B. N.},
  year = {2003},
  pages = {367--384},
  groups = {Dissertation,zitiert,zitiert}
}

@article{collins_imagej_2007,
  title = {{{ImageJ}} for Microscopy},
  volume = {43},
  doi = {10.2144/000112517},
  number = {1 Suppl},
  journal = {BioTechniques},
  author = {Collins, Tony J.},
  year = {2007},
  pages = {25--30},
  groups = {Dissertation,zitiert,zitiert}
}

@incollection{grupen_einleitung_2008,
  title = {{Einleitung}},
  copyright = {\textcopyright{}2008 Springer-Verlag Berlin Heidelberg},
  isbn = {978-3-540-75848-8 978-3-540-75849-5},
  language = {de},
  booktitle = {{Grundkurs Strahlenschutz}},
  publisher = {{Springer Berlin Heidelberg}},
  author = {Grupen, Claus},
  year = {2008},
  pages = {1--3},
  groups = {Versuch A3,Versuch A3},
  doi = {10.1007/978-3-540-75849-5_1}
}

@article{angadi_automated_2016,
  title = {Automated Background Subtraction Technique for Electron Energy-Loss Spectroscopy and Application to Semiconductor Heterostructures},
  volume = {262},
  issn = {1365-2818},
  doi = {10.1111/jmi.12397},
  language = {en},
  number = {2},
  journal = {Journal of Microscopy},
  author = {Angadi, Veerendra C and Abhayaratne, Charith and Walther, Thomas},
  year = {2016},
  pages = {157--166}
}

@incollection{grupen_umweltradioaktivitat_2008,
  title = {{Umweltradioaktivit{\"a}t}},
  copyright = {\textcopyright{}2008 Springer-Verlag Berlin Heidelberg},
  isbn = {978-3-540-75848-8 978-3-540-75849-5},
  language = {de},
  booktitle = {{Grundkurs Strahlenschutz}},
  publisher = {{Springer Berlin Heidelberg}},
  author = {Grupen, Claus},
  year = {2008},
  pages = {159--178},
  groups = {Versuch A3,Versuch A3},
  doi = {10.1007/978-3-540-75849-5_11}
}

@incollection{abe_structure_2011,
  title = {Structure of {{Quasicrystals}}},
  copyright = {\textcopyright{}2011 Springer Science+Business Media, LLC},
  isbn = {978-1-4419-7199-9 978-1-4419-7200-2},
  language = {en},
  booktitle = {Scanning {{Transmission Electron Microscopy}}},
  publisher = {{Springer New York}},
  author = {Abe, Eiji},
  editor = {Pennycook, Stephen J. and Nellist, Peter D.},
  year = {2011},
  pages = {583--614},
  groups = {B{\"u}cher - Physik},
  doi = {10.1007/978-1-4419-7200-2_14}
}

@incollection{watanabe_x-ray_2011,
  title = {X-{{Ray Energy}}-{{Dispersive Spectrometry}} in {{Scanning Transmission Electron Microscopes}}},
  copyright = {\textcopyright{}2011 Springer Science+Business Media, LLC},
  isbn = {978-1-4419-7199-9 978-1-4419-7200-2},
  language = {en},
  booktitle = {Scanning {{Transmission Electron Microscopy}}},
  publisher = {{Springer New York}},
  author = {Watanabe, Masashi},
  editor = {Pennycook, Stephen J. and Nellist, Peter D.},
  year = {2011},
  pages = {291--351},
  groups = {B{\"u}cher - Physik},
  doi = {10.1007/978-1-4419-7200-2_7}
}

@incollection{alexander_grundlagen_1997,
  series = {Teubner Studienb{\"u}cher Angewandte Physik},
  title = {{Grundlagen}},
  copyright = {\textcopyright{}1997 Springer Fachmedien Wiesbaden},
  isbn = {978-3-519-03221-2 978-3-663-12296-8},
  language = {de},
  booktitle = {{Physikalische Grundlagen der Elektronenmikroskopie}},
  publisher = {{Vieweg+Teubner Verlag}},
  author = {Alexander, Prof Dr rer nat Helmut},
  year = {1997},
  pages = {15--147},
  groups = {B{\"u}cher - Physik},
  doi = {10.1007/978-3-663-12296-8_1}
}

@incollection{kolanoski_3_2016,
  title = {{3 Wechselwirkungen von Teilchen mit Materie}},
  copyright = {\textcopyright{}2016 Springer-Verlag Berlin Heidelberg},
  isbn = {978-3-662-45349-0 978-3-662-45350-6},
  language = {de},
  booktitle = {{Teilchendetektoren}},
  publisher = {{Springer Berlin Heidelberg}},
  author = {Kolanoski, Hermann and Wermes, Norbert},
  year = {2016},
  pages = {27--90},
  groups = {Teilchendetektoren,Teilchendetektoren},
  doi = {10.1007/978-3-662-45350-6_3}
}

@book{brandt_analyse_2015,
  address = {Wiesbaden},
  series = {essentials},
  title = {Analyse Empirischer Und Experimenteller {{Daten}}},
  isbn = {978-3-658-10068-1 978-3-658-10069-8},
  publisher = {{Springer Fachmedien Wiesbaden}},
  author = {Brandt, Siegmund},
  year = {2015},
  groups = {B{\"u}cher - Statistik}
}

@incollection{alexander_hochauflosende_1997,
  series = {Teubner Studienb{\"u}cher Angewandte Physik},
  title = {{Hochaufl{\"o}sende Elektronenmikroskopie}},
  copyright = {\textcopyright{}1997 Springer Fachmedien Wiesbaden},
  isbn = {978-3-519-03221-2 978-3-663-12296-8},
  language = {de},
  booktitle = {{Physikalische Grundlagen der Elektronenmikroskopie}},
  publisher = {{Vieweg+Teubner Verlag}},
  author = {Alexander, Prof Dr rer nat Helmut},
  year = {1997},
  pages = {195--260},
  groups = {B{\"u}cher - Physik},
  doi = {10.1007/978-3-663-12296-8_3}
}

@book{hawkes_science_2007,
  address = {New York, NY},
  title = {Science of {{Microscopy}}},
  isbn = {978-0-387-25296-4 978-0-387-49762-4},
  language = {en},
  publisher = {{Springer New York}},
  editor = {Hawkes, Peter W. and Spence, John C. H.},
  year = {2007},
  groups = {B{\"u}cher - Physik}
}

@article{walther_electron_2003,
  series = {Proceedings of the International Workshop on Strategies and Advances in Atomic Level Spectroscopy and Analysis},
  title = {Electron Energy-Loss Spectroscopic Profiling of Thin Film Structures: 0.39 Nm Line Resolution and 0.04 {{eV}} Precision Measurement of near-Edge Structure Shifts at Interfaces},
  volume = {96},
  issn = {0304-3991},
  shorttitle = {Electron Energy-Loss Spectroscopic Profiling of Thin Film Structures},
  doi = {10.1016/S0304-3991(03)00104-9},
  number = {3\textendash{}4},
  journal = {Ultramicroscopy},
  author = {Walther, T.},
  year = {2003},
  pages = {401--411},
  groups = {Dissertation,zitiert,zitiert}
}

@incollection{brandt_wellen_2005,
  series = {Springer-Lehrbuch},
  title = {{Wellen in elastischen Medien}},
  copyright = {\textcopyright{}2005 Springer-Verlag Berlin Heidelberg},
  isbn = {978-3-540-21666-7 978-3-540-26767-6},
  language = {de},
  booktitle = {{Mechanik}},
  publisher = {{Springer Berlin Heidelberg}},
  author = {Brandt, Siegmund and Dahmen, Hans Dieter},
  year = {2005},
  pages = {349--371},
  groups = {B{\"u}cher - Physik},
  doi = {10.1007/3-540-26767-0_12}
}

@incollection{grupen_biologische_2008,
  title = {{Biologische Strahlenwirkung}},
  copyright = {\textcopyright{}2008 Springer-Verlag Berlin Heidelberg},
  isbn = {978-3-540-75848-8 978-3-540-75849-5},
  language = {de},
  booktitle = {{Grundkurs Strahlenschutz}},
  publisher = {{Springer Berlin Heidelberg}},
  author = {Grupen, Claus},
  year = {2008},
  pages = {179--192},
  groups = {Versuch A3,Versuch A3},
  doi = {10.1007/978-3-540-75849-5_12}
}

@incollection{brandt_einleitung._2005,
  series = {Springer-Lehrbuch},
  title = {{Einleitung. Grundlagenexperimente. Coulombsches Gesetz}},
  copyright = {\textcopyright{}2005 Springer-Verlag Berlin Heidelberg},
  isbn = {978-3-540-21458-8 978-3-540-26766-9},
  language = {de},
  booktitle = {{Elektrodynamik}},
  publisher = {{Springer Berlin Heidelberg}},
  author = {Brandt, Siegmund and Dahmen, Hans Dieter},
  year = {2005},
  pages = {1--9},
  groups = {B{\"u}cher - Physik},
  doi = {10.1007/3-540-26766-2_1}
}

@book{kolanoski_teilchendetektoren_2016,
  address = {Berlin, Heidelberg},
  title = {{Teilchendetektoren}},
  isbn = {978-3-662-45349-0 978-3-662-45350-6},
  language = {de},
  publisher = {{Springer Berlin Heidelberg}},
  author = {Kolanoski, Hermann and Wermes, Norbert},
  year = {2016},
  groups = {Teilchendetektoren,Teilchendetektoren}
}

@article{adams_multicolor_2016,
  title = {Multicolor {{Electron Microscopy}} for {{Simultaneous Visualization}} of {{Multiple Molecular Species}}},
  volume = {0},
  issn = {2451-9456, 2451-9448},
  doi = {10.1016/j.chembiol.2016.10.006},
  language = {English},
  number = {0},
  journal = {Cell Chemical Biology},
  author = {Adams, Stephen R. and Mackey, Mason R. and Ramachandra, Ranjan and Palida~Lemieux, Sakina F. and Steinbach, Paul and Bushong, Eric A. and Butko, Margaret T. and Giepmans, Ben N. G. and Ellisman, Mark H. and Tsien, Roger Y.},
  year = {2016}
}

@article{watanabe_smarteftem-si_2012,
  title = {The {{SmartEFTEM}}-{{SI}} Method: {{Development}} of a New Spectrum-Imaging Acquisition Scheme for Quantitative Mapping by Energy-Filtering Transmission Electron Microscopy},
  volume = {113},
  issn = {0304-3991},
  shorttitle = {The {{SmartEFTEM}}-{{SI}} Method},
  doi = {10.1016/j.ultramic.2011.10.014},
  journal = {Ultramicroscopy},
  author = {Watanabe, Masashi and Allen, Frances I.},
  year = {2012},
  pages = {106--119}
}

@book{waldi_statistische_2015,
  title = {{Statistische Datenanalyse: Grundlagen und Methoden f{\"u}r Physiker}},
  isbn = {978-3-662-47145-6},
  shorttitle = {{Statistische Datenanalyse}},
  language = {de},
  publisher = {{Springer-Verlag}},
  author = {Waldi, Roland},
  year = {2015},
  groups = {B{\"u}cher - Statistik}
}

@incollection{kolanoski_9_2016,
  title = {{9 Spurrekonstruktion und Impulsmessung}},
  copyright = {\textcopyright{}2016 Springer-Verlag Berlin Heidelberg},
  isbn = {978-3-662-45349-0 978-3-662-45350-6},
  language = {de},
  booktitle = {{Teilchendetektoren}},
  publisher = {{Springer Berlin Heidelberg}},
  author = {Kolanoski, Hermann and Wermes, Norbert},
  year = {2016},
  pages = {385--412},
  groups = {Teilchendetektoren,Teilchendetektoren},
  doi = {10.1007/978-3-662-45350-6_9}
}

@misc{konen_wpf_????,
  title = {{{WPF Bildverarbeitung}} - {{Prof}}. {{Dr}}. {{Wolfgang Konen}}},
  howpublished = {\url{http://www.gm.fh-koeln.de/~konen/WPF-BV/}},
  author = {Konen, Wolfgang},
  groups = {B{\"u}cher - Bildverarbeitung}
}

@book{alexander_physikalische_1997,
  address = {Wiesbaden},
  title = {{Physikalische Grundlagen der Elektronenmikroskopie}},
  isbn = {978-3-519-03221-2 978-3-663-12296-8},
  language = {de},
  publisher = {{Vieweg+Teubner Verlag}},
  author = {Alexander, Helmut},
  year = {1997},
  groups = {B{\"u}cher - Physik}
}

@article{oliveira_least_2013,
  title = {Least Squares Regression with Errors in Both Variables: Case Studies},
  volume = {36},
  issn = {0100-4042},
  shorttitle = {Least Squares Regression with Errors in Both Variables},
  doi = {10.1590/S0100-40422013000600025},
  number = {6},
  journal = {Qu{\'\i}m. Nova},
  author = {de Oliveira, Elcio Cruz and de Aguiar, Paula Fernandes},
  year = {2013},
  pages = {885--889},
  groups = {Diverse Literatur}
}

@incollection{grupen_losungen_2008,
  title = {{L{\"o}sungen der {\"U}bungsaufgaben}},
  copyright = {\textcopyright{}2008 Springer-Verlag Berlin Heidelberg},
  isbn = {978-3-540-75848-8 978-3-540-75849-5},
  language = {de},
  booktitle = {{Grundkurs Strahlenschutz}},
  publisher = {{Springer Berlin Heidelberg}},
  author = {Grupen, Claus},
  year = {2008},
  pages = {243--267},
  groups = {Versuch A3,Versuch A3},
  doi = {10.1007/978-3-540-75849-5_17}
}

@misc{heil_bestimmung_2010,
  title = {Bestimmung Der {{Aufl{\"o}sungsgrenze}} in {{Elementverteilungsaufnahmen}} von {{Schichtsystemen}}},
  publisher = {{Westf{\"a}lischen Wilhelms-Universit{\"a}t M{\"u}nster, Dissertation}},
  author = {Heil, Tobias},
  year = {2010},
  groups = {Dissertation,zitiert,zitiert}
}

@article{philippsen_contrast-imaging_2007,
  title = {The Contrast-Imaging Function for Tilted Specimens},
  volume = {107},
  issn = {0304-3991},
  doi = {10.1016/j.ultramic.2006.07.010},
  number = {2\textendash{}3},
  journal = {Ultramicroscopy},
  author = {Philippsen, Ansgar and Engel, Hans-Andreas and Engel, Andreas},
  year = {2007},
  pages = {202--212},
  groups = {Bachelor-Themen,Bachelor-Themen}
}

@misc{entrup_zusatzmaterial_2017,
  title = {Zusatzmaterial Zu Meiner {{Dissertation}}},
  howpublished = {\url{https://github.com/m-entrup/Dissertation}},
  journal = {GitHub},
  author = {Entrup, Michael},
  year = {2017}
}

@book{bartsch_taschenbuch_2011,
  address = {M{\"u}nchen},
  edition = {22},
  title = {{Taschenbuch mathematischer Formeln f{\"u}r Ingenieure und Naturwissenschaftler}},
  isbn = {978-3-446-42785-3 978-3-446-42927-7},
  language = {de},
  publisher = {{Carl Hanser Verlag GmbH \& Co. KG}},
  author = {Bartsch, Hans-Jochen},
  year = {2011},
  groups = {B{\"u}cher - Matematik,B{\"u}cher - Physik}
}

@incollection{brandt_wellen_2005-1,
  series = {Springer-Lehrbuch},
  title = {{Wellen auf ein- und zweidimensionalen Tr{\"a}gern}},
  copyright = {\textcopyright{}2005 Springer-Verlag Berlin Heidelberg},
  isbn = {978-3-540-21666-7 978-3-540-26767-6},
  language = {de},
  booktitle = {{Mechanik}},
  publisher = {{Springer Berlin Heidelberg}},
  author = {Brandt, Siegmund and Dahmen, Hans Dieter},
  year = {2005},
  pages = {270--306},
  groups = {B{\"u}cher - Physik},
  doi = {10.1007/3-540-26767-0_10}
}

@book{burger_digitale_2006,
  title = {{Digitale Bildverarbeitung: Eine algorithmische Einf{\"u}hrung mit Java}},
  isbn = {978-3-540-30941-3},
  shorttitle = {{Digitale Bildverarbeitung}},
  language = {de},
  publisher = {{Springer-Verlag}},
  author = {Burger, Wilhelm and Burge, Mark James},
  year = {2006},
  groups = {B{\"u}cher - Bildverarbeitung}
}

@incollection{brandt_losung_2015,
  title = {{L{\"o}sung der Schr{\"o}dinger-Gleichung in drei Dimensionen}},
  copyright = {\textcopyright{}2015 Springer-Verlag Berlin Heidelberg},
  isbn = {978-3-662-46386-4 978-3-662-46387-1},
  language = {de},
  booktitle = {{Quantenmechanik in Bildern}},
  publisher = {{Springer Berlin Heidelberg}},
  author = {Brandt, Siegmund and Dahmen, Hans Dieter},
  year = {2015},
  pages = {233--240},
  groups = {B{\"u}cher - Physik},
  doi = {10.1007/978-3-662-46387-1_11}
}

@incollection{klie_variable_2011,
  title = {Variable {{Temperature Electron Energy}}-{{Loss Spectroscopy}}},
  copyright = {\textcopyright{}2011 Springer Science+Business Media, LLC},
  isbn = {978-1-4419-7199-9 978-1-4419-7200-2},
  language = {en},
  booktitle = {Scanning {{Transmission Electron Microscopy}}},
  publisher = {{Springer New York}},
  author = {Klie, Robert F. and Walkosz, Weronika and Yang, Guang and Zhao, Yuan},
  editor = {Pennycook, Stephen J. and Nellist, Peter D.},
  year = {2011},
  pages = {689--723},
  groups = {B{\"u}cher - Physik},
  doi = {10.1007/978-1-4419-7200-2_17}
}

@article{stender_quantitative_2009,
  series = {IFES 2008Proceedings of the 51th International Field Emission Symposium},
  title = {Quantitative Comparison of Energy-Filtering Transmission Electron Microscopy and Atom Probe Tomography},
  volume = {109},
  issn = {0304-3991},
  doi = {10.1016/j.ultramic.2008.12.009},
  number = {5},
  journal = {Ultramicroscopy},
  author = {Stender, Patrick and Heil, Tobias and Kohl, Helmut and Schmitz, Guido},
  year = {2009},
  pages = {612--618},
  groups = {Dissertation}
}

@incollection{spence_energy-filtered_1995,
  series = {Springer Series in Optical Sciences},
  title = {Energy-{{Filtered Reflection Electron Microscopy}}},
  copyright = {\textcopyright{}1995 Springer-Verlag Berlin Heidelberg},
  isbn = {978-3-662-14055-0 978-3-540-48995-5},
  language = {en},
  number = {71},
  booktitle = {Energy-{{Filtering Transmission Electron Microscopy}}},
  publisher = {{Springer Berlin Heidelberg}},
  author = {Spence, John C. H.},
  editor = {Reimer, Professor Dr Ludwig},
  year = {1995},
  pages = {401--418},
  groups = {B{\"u}cher - Physik},
  doi = {10.1007/978-3-540-48995-5_8}
}

@incollection{grupen_strahlenunfalle_2008,
  title = {{Strahlenunf{\"a}lle}},
  copyright = {\textcopyright{}2008 Springer-Verlag Berlin Heidelberg},
  isbn = {978-3-540-75848-8 978-3-540-75849-5},
  language = {de},
  booktitle = {{Grundkurs Strahlenschutz}},
  publisher = {{Springer Berlin Heidelberg}},
  author = {Grupen, Claus},
  year = {2008},
  pages = {193--199},
  groups = {Versuch A3,Versuch A3},
  doi = {10.1007/978-3-540-75849-5_13}
}

@misc{carl_zeiss_ag_specification_2008,
  title = {Specification {{Libra}} 200},
  author = {{Carl Zeiss AG}},
  year = {2008},
  groups = {Dissertation}
}

@incollection{brandt_einleitung_2015,
  title = {{Einleitung}},
  copyright = {\textcopyright{}2015 Springer-Verlag Berlin Heidelberg},
  isbn = {978-3-662-46386-4 978-3-662-46387-1},
  language = {de},
  booktitle = {{Quantenmechanik in Bildern}},
  publisher = {{Springer Berlin Heidelberg}},
  author = {Brandt, Siegmund and Dahmen, Hans Dieter},
  year = {2015},
  pages = {1--11},
  groups = {B{\"u}cher - Physik},
  doi = {10.1007/978-3-662-46387-1_1}
}

@incollection{midgley_stem_2011,
  title = {{{STEM Tomography}}},
  copyright = {\textcopyright{}2011 Springer Science+Business Media, LLC},
  isbn = {978-1-4419-7199-9 978-1-4419-7200-2},
  language = {en},
  booktitle = {Scanning {{Transmission Electron Microscopy}}},
  publisher = {{Springer New York}},
  author = {Midgley, Paul A. and Weyland, Matthew},
  editor = {Pennycook, Stephen J. and Nellist, Peter D.},
  year = {2011},
  pages = {353--392},
  groups = {B{\"u}cher - Physik},
  doi = {10.1007/978-1-4419-7200-2_8}
}

@incollection{brandt_elastizitat_2005,
  series = {Springer-Lehrbuch},
  title = {{Elastizit{\"a}t}},
  copyright = {\textcopyright{}2005 Springer-Verlag Berlin Heidelberg},
  isbn = {978-3-540-21666-7 978-3-540-26767-6},
  language = {de},
  booktitle = {{Mechanik}},
  publisher = {{Springer Berlin Heidelberg}},
  author = {Brandt, Siegmund and Dahmen, Hans Dieter},
  year = {2005},
  pages = {307--348},
  groups = {B{\"u}cher - Physik},
  doi = {10.1007/3-540-26767-0_11}
}

@article{cooper_strain_2016,
  title = {Strain Mapping of Semiconductor Specimens with Nm-Scale Resolution in a Transmission Electron Microscope},
  volume = {80},
  issn = {0968-4328},
  doi = {10.1016/j.micron.2015.09.001},
  journal = {Micron},
  author = {Cooper, David and Denneulin, Thibaud and Bernier, Nicolas and B{\'e}ch{\'e}, Armand and Rouvi{\`e}re, Jean-Luc},
  year = {2016},
  pages = {145--165},
  groups = {Diverse Literatur}
}

@incollection{brandt_weitere_2015,
  series = {essentials},
  title = {{Weitere Verfahren}},
  copyright = {\textcopyright{}2015 Springer Fachmedien Wiesbaden},
  isbn = {978-3-658-10068-1 978-3-658-10069-8},
  language = {de},
  booktitle = {{Analyse empirischer und experimenteller Daten}},
  publisher = {{Springer Fachmedien Wiesbaden}},
  author = {Brandt, Prof Dr Siegmund},
  year = {2015},
  pages = {29--30},
  groups = {B{\"u}cher - Statistik},
  doi = {10.1007/978-3-658-10069-8_5}
}

@incollection{kolanoski_12_2016,
  title = {{12 {\"U}bergangsstrahlungsdetektoren}},
  copyright = {\textcopyright{}2016 Springer-Verlag Berlin Heidelberg},
  isbn = {978-3-662-45349-0 978-3-662-45350-6},
  language = {de},
  booktitle = {{Teilchendetektoren}},
  publisher = {{Springer Berlin Heidelberg}},
  author = {Kolanoski, Hermann and Wermes, Norbert},
  year = {2016},
  pages = {475--494},
  groups = {Teilchendetektoren,Teilchendetektoren},
  doi = {10.1007/978-3-662-45350-6_12}
}

@incollection{egerton_scanning_2005,
  title = {The {{Scanning Electron Microscope}}},
  copyright = {\textcopyright{}2005 Springer Science+Business Media, Inc.},
  isbn = {978-0-387-25800-3 978-0-387-26016-7},
  language = {en},
  booktitle = {Physical {{Principles}} of {{Electron Microscopy}}},
  publisher = {{Springer US}},
  author = {Egerton, Ray F.},
  year = {2005},
  pages = {125--153},
  groups = {B{\"u}cher - Physik},
  doi = {10.1007/0-387-26016-1_5}
}

@book{colliex_elektronenmikroskopie:_2007,
  address = {Stuttgart},
  edition = {1},
  title = {{Elektronenmikroskopie: Eine anwendungsbezogene Einf{\"u}hrung}},
  isbn = {978-3-8047-2399-3},
  shorttitle = {{Elektronenmikroskopie}},
  language = {Deutsch},
  publisher = {{Wissenschaftliche Verlagsgesellschaft}},
  author = {Colliex, Christian and Kohl, Helmut},
  year = {2007},
  groups = {B{\"u}cher - Physik}
}

@incollection{fultz_tem_2008,
  title = {The {{TEM}} and Its {{Optics}}},
  copyright = {\textcopyright{}2008 Springer-Verlag Berlin Heidelberg},
  isbn = {978-3-540-73885-5 978-3-540-73886-2},
  language = {en},
  booktitle = {Transmission {{Electron Microscopy}} and {{Diffractometry}} of {{Materials}}},
  publisher = {{Springer Berlin Heidelberg}},
  author = {Fultz, Brent and Howe, James M.},
  year = {2008},
  pages = {61--118},
  groups = {B{\"u}cher - Physik},
  doi = {10.1007/978-3-540-73886-2_2}
}

@incollection{egerton_introduction_2005,
  title = {An {{Introduction}} to {{Microscopy}}},
  copyright = {\textcopyright{}2005 Springer Science+Business Media, Inc.},
  isbn = {978-0-387-25800-3 978-0-387-26016-7},
  language = {en},
  booktitle = {Physical {{Principles}} of {{Electron Microscopy}}},
  publisher = {{Springer US}},
  author = {Egerton, Ray F.},
  year = {2005},
  pages = {1--25},
  groups = {B{\"u}cher - Physik},
  doi = {10.1007/0-387-26016-1_1}
}

@incollection{hofer_inner-shell_1995,
  series = {Springer Series in Optical Sciences},
  title = {Inner-{{Shell Ionization}}},
  copyright = {\textcopyright{}1995 Springer-Verlag Berlin Heidelberg},
  isbn = {978-3-662-14055-0 978-3-540-48995-5},
  language = {en},
  number = {71},
  booktitle = {Energy-{{Filtering Transmission Electron Microscopy}}},
  publisher = {{Springer Berlin Heidelberg}},
  author = {Hofer, Ferdinand},
  editor = {Reimer, Professor Dr Ludwig},
  year = {1995},
  pages = {225--268},
  groups = {B{\"u}cher - Physik},
  doi = {10.1007/978-3-540-48995-5_4}
}

@article{ramachandra_improving_2014,
  title = {Improving {{Signal}} to {{Noise}} in {{Labeled Biological Specimens Using Energy}}-{{Filtered TEM}} of {{Sections}} with a {{Drift Correction Strategy}} and a {{Direct Detection Device}}},
  volume = {20},
  issn = {1431-9276, 1435-8115},
  doi = {10.1017/S1431927614000452},
  number = {3},
  journal = {Microsc. Microanal.},
  author = {Ramachandra, Ranjan and Bouwer, James C. and Mackey, Mason R. and Bushong, Eric and Peltier, Steven T. and Xuong, Nguyen-Huu and Ellisman, Mark H.},
  year = {2014},
  pages = {706--714}
}

@book{fultz_transmission_2008,
  address = {Berlin, Heidelberg},
  title = {Transmission {{Electron Microscopy}} and {{Diffractometry}} of {{Materials}}},
  isbn = {978-3-540-73885-5},
  language = {en},
  publisher = {{Springer-Verlag}},
  author = {Fultz, Brent and Howe, James M.},
  year = {2008},
  groups = {B{\"u}cher - Physik}
}

@book{burger_digitale_2015,
  address = {Berlin, Heidelberg},
  series = {X.media.press},
  title = {Digitale {{Bildverarbeitung}}},
  isbn = {978-3-642-04603-2 978-3-642-04604-9},
  publisher = {{Springer Berlin Heidelberg}},
  author = {Burger, Wilhelm and Burge, Mark James},
  year = {2015},
  groups = {B{\"u}cher - Bildverarbeitung}
}

@incollection{dorschel_einfuhrung_2015,
  title = {{Einf{\"u}hrung}},
  copyright = {\textcopyright{}2015 Springer Fachmedien Wiesbaden},
  isbn = {978-3-658-07288-9 978-3-658-07289-6},
  language = {de},
  booktitle = {{Praxishandbuch Big Data}},
  publisher = {{Springer Fachmedien Wiesbaden}},
  author = {Dorschel, Werner and Dorschel, Joachim},
  editor = {Dorschel, Joachim},
  year = {2015},
  pages = {1--13},
  groups = {B{\"u}cher - Data Science},
  doi = {10.1007/978-3-658-07289-6_1}
}

@incollection{kolanoski_15_2016,
  title = {{15 Kalorimeter}},
  copyright = {\textcopyright{}2016 Springer-Verlag Berlin Heidelberg},
  isbn = {978-3-662-45349-0 978-3-662-45350-6},
  language = {de},
  booktitle = {{Teilchendetektoren}},
  publisher = {{Springer Berlin Heidelberg}},
  author = {Kolanoski, Hermann and Wermes, Norbert},
  year = {2016},
  pages = {577--659},
  groups = {Teilchendetektoren,Teilchendetektoren},
  doi = {10.1007/978-3-662-45350-6_15}
}

@book{dorschel_praxishandbuch_2015,
  address = {Wiesbaden},
  title = {{Praxishandbuch Big Data}},
  isbn = {978-3-658-07288-9 978-3-658-07289-6},
  language = {de},
  publisher = {{Springer Fachmedien Wiesbaden}},
  editor = {Dorschel, Joachim},
  year = {2015},
  groups = {B{\"u}cher - Data Science}
}

@article{lavergne_interactive_1992,
  title = {Interactive Electron Energy-Loss Elemental Mapping by the "{{Imaging}}-{{Spectrum}}" Method},
  volume = {3},
  copyright = {EDP Sciences},
  issn = {1154-2799},
  doi = {10.1051/mmm:0199200306051700},
  language = {en},
  number = {6},
  journal = {Microsc. Microanal. Microstruct.},
  author = {Lavergne, Jean-Louis and Martin, Jean-Michel and Belin, Michel},
  year = {1992},
  pages = {517--528},
  groups = {Dissertation,zitiert,zitiert}
}

@article{unser_optimal_1987,
  title = {Optimal Background Estimation in {{EELS}}},
  volume = {145},
  issn = {0022-2720},
  language = {ENG},
  number = {Pt 3},
  journal = {J Microsc},
  author = {Unser, M. and Ellis, J. R. and Pun, T. and Eden, M.},
  year = {1987},
  pages = {245--256},
  pmid = {3585991}
}

@article{lozano-perez_eftem_2007,
  title = {{{EFTEM}} Assistant: {{A}} Tool to Understand the Limitations of {{EFTEM}}},
  volume = {107},
  issn = {0304-3991},
  shorttitle = {{{EFTEM}} Assistant},
  doi = {10.1016/j.ultramic.2006.08.006},
  number = {4\textendash{}5},
  journal = {Ultramicroscopy},
  author = {Lozano-Perez, S. and Titchmarsh, J. M.},
  year = {2007},
  pages = {313--321}
}

@article{bonnet_extracting_1999,
  title = {Extracting Information from Sequences of Spatially Resolved {{EELS}} Spectra Using Multivariate Statistical Analysis},
  volume = {77},
  issn = {0304-3991},
  doi = {10.1016/S0304-3991(99)00042-X},
  number = {3\textendash{}4},
  journal = {Ultramicroscopy},
  author = {Bonnet, N and Brun, N and Colliex, C},
  year = {1999},
  pages = {97--112},
  groups = {Dissertation,zitiert,zitiert}
}

@article{hammel_defocus_1990,
  title = {Defocus Determination in the {{STEM}} by Phase Contrast Methods},
  volume = {34},
  issn = {0304-3991},
  doi = {10.1016/0304-3991(90)90019-I},
  number = {4},
  journal = {Ultramicroscopy},
  author = {Hammel, M. and Colliex, C. and Mory, C. and Kohl, H. and Rose, H.},
  year = {1990},
  pages = {257--269},
  groups = {Bachelor-Themen,Bachelor-Themen}
}

@misc{epping_erstellung_2010,
  title = {Erstellung von {{Elementverteilungsbildern}} Zur {{Lokalisierung}} von {{Phosphor}} Im {{Corynebacterium}} Glutamicum {{$\Delta$mcbR}}},
  publisher = {{Westf{\"a}lischen Wilhelms-Universit{\"a}t M{\"u}nster, Diplomarbeit}},
  author = {Epping, Michael},
  year = {2010},
  groups = {Dissertation,zitiert,zitiert}
}

@incollection{schattschneider_plasmons_1995,
  series = {Springer Series in Optical Sciences},
  title = {Plasmons and {{Related Excitations}}},
  copyright = {\textcopyright{}1995 Springer-Verlag Berlin Heidelberg},
  isbn = {978-3-662-14055-0 978-3-540-48995-5},
  language = {en},
  number = {71},
  booktitle = {Energy-{{Filtering Transmission Electron Microscopy}}},
  publisher = {{Springer Berlin Heidelberg}},
  author = {Schattschneider, Peter and Jouffrey, Bernard},
  editor = {Reimer, Professor Dr Ludwig},
  year = {1995},
  pages = {151--224},
  groups = {B{\"u}cher - Physik},
  doi = {10.1007/978-3-540-48995-5_3}
}

@book{faulques_spectroscopy_2005,
  address = {Dordrecht},
  series = {NATO Science Series II: Mathematics, Physics and Chemistry},
  title = {Spectroscopy of {{Emerging Materials}}},
  volume = {165},
  isbn = {978-1-4020-2394-1},
  language = {en},
  publisher = {{Kluwer Academic Publishers}},
  editor = {Faulques, Eric C. and Perry, Dale L. and Yeremenko, Andrei V.},
  year = {2005},
  groups = {B{\"u}cher - Physik}
}

@article{lanio_high-resolution_1986,
  title = {High-Resolution Imaging Magnetic Energy Filters with Simple Structure},
  volume = {78},
  issn = {0030-4026},
  language = {English},
  number = {3},
  journal = {Optik},
  author = {Lanio, S.},
  year = {1986},
  note = {INSPEC:2733123},
  pages = {99--107},
  groups = {Dissertation,zitiert,zitiert}
}

@article{hunt_electron_1991,
  title = {Electron Energy-Loss Spectrum-Imaging},
  volume = {38},
  issn = {0304-3991},
  doi = {10.1016/0304-3991(91)90108-I},
  number = {1},
  journal = {Ultramicroscopy},
  author = {Hunt, J. A. and Williams, D. B.},
  year = {1991},
  pages = {47--73},
  groups = {Dissertation}
}

@article{krivanek_spatial_1995,
  title = {Spatial Resolution in {{EFTEM}} Elemental Maps},
  volume = {180},
  issn = {1365-2818},
  doi = {10.1111/j.1365-2818.1995.tb03686.x},
  language = {en},
  number = {3},
  journal = {J. Microsc.},
  author = {Krivanek, O. L. and Kundmann, M. K. and Kimoto, K.},
  year = {1995},
  pages = {277--287},
  groups = {Dissertation}
}

@article{meyer_experimental_2000,
  title = {Experimental Characterisation of {{CCD}} Cameras for {{HREM}} at 300 {{kV}}},
  volume = {85},
  issn = {0304-3991},
  doi = {10.1016/S0304-3991(00)00046-2},
  number = {1},
  journal = {Ultramicroscopy},
  author = {Meyer, R. R. and Kirkland, A. I. and Dunin-Borkowski, R. E. and Hutchison, J. L.},
  year = {2000},
  pages = {9--13}
}

@incollection{grupen_strahlenschutz-messtechnik_2008,
  title = {{Strahlenschutz-Messtechnik}},
  copyright = {\textcopyright{}2008 Springer-Verlag Berlin Heidelberg},
  isbn = {978-3-540-75848-8 978-3-540-75849-5},
  language = {de},
  booktitle = {{Grundkurs Strahlenschutz}},
  publisher = {{Springer Berlin Heidelberg}},
  author = {Grupen, Claus},
  year = {2008},
  pages = {56--88},
  groups = {Versuch A3,Versuch A3},
  doi = {10.1007/978-3-540-75849-5_5}
}

@article{graubner_photochemical_2004,
  title = {Photochemical {{Modification}} of {{Cross}}-{{Linked Poly}}(Dimethylsiloxane) by {{Irradiation}} at 172 Nm},
  volume = {37},
  issn = {0024-9297},
  doi = {10.1021/ma049747q},
  number = {16},
  journal = {Macromolecules},
  author = {Graubner, Vera-Maria and Jordan, Rainer and Nuyken, Oskar and Schnyder, Bernhard and Lippert, Thomas and K{\"o}tz, R{\"u}diger and Wokaun, Alexander},
  year = {2004},
  pages = {5936--5943}
}

@incollection{pennycook_scan_2011,
  title = {A {{Scan Through}} the {{History}} of {{STEM}}},
  copyright = {\textcopyright{}2011 Springer Science+Business Media, LLC},
  isbn = {978-1-4419-7199-9 978-1-4419-7200-2},
  language = {en},
  booktitle = {Scanning {{Transmission Electron Microscopy}}},
  publisher = {{Springer New York}},
  author = {Pennycook, Stephen J.},
  editor = {Pennycook, Stephen J. and Nellist, Peter D.},
  year = {2011},
  pages = {1--90},
  groups = {B{\"u}cher - Physik},
  doi = {10.1007/978-1-4419-7200-2_1}
}

@incollection{fultz_inelastic_2008,
  title = {Inelastic {{Electron Scattering}} and {{Spectroscopy}}},
  copyright = {\textcopyright{}2008 Springer-Verlag Berlin Heidelberg},
  isbn = {978-3-540-73885-5 978-3-540-73886-2},
  language = {en},
  booktitle = {Transmission {{Electron Microscopy}} and {{Diffractometry}} of {{Materials}}},
  publisher = {{Springer Berlin Heidelberg}},
  author = {Fultz, Brent and Howe, James M.},
  year = {2008},
  pages = {163--221},
  groups = {B{\"u}cher - Physik},
  doi = {10.1007/978-3-540-73886-2_4}
}

@incollection{brandt_starrer_2005-1,
  series = {Springer-Lehrbuch},
  title = {{Starrer K{\"o}rper. Bewegliche Achsen}},
  copyright = {\textcopyright{}2005 Springer-Verlag Berlin Heidelberg},
  isbn = {978-3-540-21666-7 978-3-540-26767-6},
  language = {de},
  booktitle = {{Mechanik}},
  publisher = {{Springer Berlin Heidelberg}},
  author = {Brandt, Siegmund and Dahmen, Hans Dieter},
  year = {2005},
  pages = {148--188},
  groups = {B{\"u}cher - Physik},
  doi = {10.1007/3-540-26767-0_7}
}

@incollection{botton_analytical_2007,
  title = {Analytical {{Electron Microscopy}}},
  copyright = {\textcopyright{}2007 Springer Science+Business Media, LLC},
  isbn = {978-0-387-25296-4 978-0-387-49762-4},
  language = {en},
  booktitle = {Science of {{Microscopy}}},
  publisher = {{Springer New York}},
  author = {Botton, Gianluigi},
  editor = {Hawkes, Peter W. and Spence, John C. H.},
  year = {2007},
  pages = {273--405},
  groups = {B{\"u}cher - Physik},
  doi = {10.1007/978-0-387-49762-4_4}
}

@article{schamm_contamination_2001,
  title = {Contamination and the Quantitative Exploitation of {{EELS}} Low-Loss Experiments},
  volume = {88},
  issn = {0304-3991},
  doi = {10.1016/S0304-3991(01)00070-5},
  number = {3},
  journal = {Ultramicroscopy},
  author = {Schamm, S. and Zanchi, G.},
  year = {2001},
  pages = {211--217},
  groups = {Diverse Literatur}
}

@incollection{reimer_electron_1995,
  series = {Springer Series in Optical Sciences},
  title = {Electron {{Spectroscopic Imaging}}},
  copyright = {\textcopyright{}1995 Springer-Verlag Berlin Heidelberg},
  isbn = {978-3-662-14055-0 978-3-540-48995-5},
  language = {en},
  number = {71},
  booktitle = {Energy-{{Filtering Transmission Electron Microscopy}}},
  publisher = {{Springer Berlin Heidelberg}},
  author = {Reimer, Ludwig},
  editor = {Reimer, Professor Dr Ludwig},
  year = {1995},
  pages = {347--400},
  groups = {B{\"u}cher - Physik},
  doi = {10.1007/978-3-540-48995-5_7}
}

@article{muller_delocalization_1995,
  series = {Proceedings of the 2nd international workshop on Electron Energy Loss Spectroscopy and Imaging},
  title = {Delocalization in Inelastic Scattering},
  volume = {59},
  issn = {0304-3991},
  doi = {10.1016/0304-3991(95)00029-Z},
  number = {1},
  journal = {Ultramicroscopy},
  author = {Muller, D. A. and Silcox, J.},
  year = {1995},
  pages = {195--213}
}

@article{watanabe_microscopy_2013,
  title = {Microscopy {{Hacks}}: Development of Various Techniques to Assist Quantitative Nanoanalysis and Advanced Electron Microscopy},
  volume = {62},
  issn = {2050-5698, 2050-5701},
  shorttitle = {Microscopy {{Hacks}}},
  doi = {10.1093/jmicro/dfs085},
  language = {en},
  number = {2},
  journal = {Microscopy (Tokyo)},
  author = {Watanabe, Masashi},
  year = {2013},
  pages = {217--241},
  pmid = {23515525}
}

@incollection{brandt_zweiniveausystem_2015,
  title = {{Zweiniveausystem}},
  copyright = {\textcopyright{}2015 Springer-Verlag Berlin Heidelberg},
  isbn = {978-3-662-46386-4 978-3-662-46387-1},
  language = {de},
  booktitle = {{Quantenmechanik in Bildern}},
  publisher = {{Springer Berlin Heidelberg}},
  author = {Brandt, Siegmund and Dahmen, Hans Dieter},
  year = {2015},
  pages = {442--446},
  groups = {B{\"u}cher - Physik},
  doi = {10.1007/978-3-662-46387-1_20}
}

@incollection{brandt_lichtwellen_2015,
  title = {{Lichtwellen}},
  copyright = {\textcopyright{}2015 Springer-Verlag Berlin Heidelberg},
  isbn = {978-3-662-46386-4 978-3-662-46387-1},
  language = {de},
  booktitle = {{Quantenmechanik in Bildern}},
  publisher = {{Springer Berlin Heidelberg}},
  author = {Brandt, Siegmund and Dahmen, Hans Dieter},
  year = {2015},
  pages = {12--33},
  groups = {B{\"u}cher - Physik},
  doi = {10.1007/978-3-662-46387-1_2}
}

@article{egerton_radiation_2004,
  series = {International Wuhan Symposium on Advanced Electron Microscopy},
  title = {Radiation Damage in the {{TEM}} and {{SEM}}},
  volume = {35},
  issn = {0968-4328},
  doi = {10.1016/j.micron.2004.02.003},
  number = {6},
  journal = {Micron},
  author = {Egerton, Ray F. and Li, P. and Malac, M.},
  year = {2004},
  pages = {399--409}
}

@article{cueva_advanced_2013,
  title = {Advanced {{Spectrum Analysis}} with {{Open Source Software}}},
  volume = {19},
  issn = {1435-8115},
  doi = {10.1017/S1431927613005874},
  number = {Supplement S2},
  journal = {Microsc. Microanal.},
  author = {Cueva, P. and Muller, D.a. and Hovden, R.},
  year = {2013},
  pages = {776--777},
  groups = {Dissertation,zitiert,zitiert}
}

@incollection{brandt_kinematik_2005,
  series = {Springer-Lehrbuch},
  title = {{Kinematik}},
  copyright = {\textcopyright{}2005 Springer-Verlag Berlin Heidelberg},
  isbn = {978-3-540-21666-7 978-3-540-26767-6},
  language = {de},
  booktitle = {{Mechanik}},
  publisher = {{Springer Berlin Heidelberg}},
  author = {Brandt, Siegmund and Dahmen, Hans Dieter},
  year = {2005},
  pages = {1--12},
  groups = {B{\"u}cher - Physik},
  doi = {10.1007/3-540-26767-0_1}
}

@article{colliex_electron_2011,
  title = {From Electron Energy-Loss Spectroscopy to Multi-Dimensional and Multi-Signal Electron Microscopy},
  volume = {60},
  issn = {2050-5698, 2050-5701},
  doi = {10.1093/jmicro/dfr028},
  language = {en},
  number = {suppl 1},
  journal = {J Electron Microsc (Tokyo)},
  author = {Colliex, Christian},
  year = {2011},
  pages = {S161--S171},
  pmid = {21844587}
}

@article{gugula_solid_2017,
  title = {Solid {{Solution Quantum Dots}} with {{Tunable Dual}} or {{Ultrabroadband Emission}} for {{LEDs}}},
  volume = {9},
  issn = {1944-8244},
  doi = {10.1021/acsami.6b08190},
  number = {1},
  journal = {ACS Appl. Mater. Interfaces},
  author = {Gugula, Krzysztof and Entrup, Michael and Stegemann, Linda and Seidel, Stefan and P{\"o}ttgen, Rainer and Strassert, Cristian A. and Bredol, Michael},
  year = {2017},
  pages = {521--528}
}

@article{cueva_cornell_2011,
  title = {Cornell {{Spectrum Imager}}: {{Open Source Spectrum Analysis}} with {{ImageJ}}},
  volume = {17},
  issn = {1435-8115},
  shorttitle = {Cornell {{Spectrum Imager}}},
  doi = {10.1017/S1431927611004831},
  number = {Supplement S2},
  journal = {Microsc. Microanal.},
  author = {Cueva, P and Hovden, R and Muller, D},
  year = {2011},
  pages = {792--793},
  groups = {Dissertation,zitiert,zitiert}
}

@article{pennycook_high_1982,
  title = {High Resolution Electron Microscopy and Microanalysis},
  volume = {23},
  issn = {0010-7514},
  doi = {10.1080/00107518208237087},
  number = {4},
  journal = {Contemp. Phys.},
  author = {Pennycook, S. J.},
  year = {1982},
  pages = {371--400},
  groups = {Dissertation,zitiert,zitiert}
}

@article{heil_optimization_2010,
  title = {Optimization of {{EFTEM}} Image Acquisition by Using Elastically Filtered Images for Drift Correction},
  volume = {110},
  issn = {0304-3991},
  doi = {10.1016/j.ultramic.2010.03.011},
  number = {7},
  journal = {Ultramicroscopy},
  author = {Heil, Tobias and Kohl, Helmut},
  year = {2010},
  pages = {745--750},
  groups = {Dissertation,zitiert,zitiert}
}

@article{grogger_energy-filtering_2005,
  series = {Electron Energy Loss Spectroscopy in the Electron MicroscopeElectron Energy Loss Spectroscopy in the Electron Microscope},
  title = {Energy-Filtering Transmission Electron Microscopy on the Nanometer Length Scale},
  volume = {143},
  issn = {0368-2048},
  doi = {10.1016/j.elspec.2004.09.028},
  number = {2\textendash{}3},
  journal = {Journal of Electron Spectroscopy and Related Phenomena},
  author = {Grogger, Werner and Varela, Maria and Ristau, Roger and Schaffer, Bernhard and Hofer, Ferdinand and Krishnan, Kannan M.},
  year = {2005},
  pages = {139--147}
}

@incollection{grupen_kernenergie_2008,
  title = {{Kernenergie und Kernkraftwerke}},
  copyright = {\textcopyright{}2008 Springer-Verlag Berlin Heidelberg},
  isbn = {978-3-540-75848-8 978-3-540-75849-5},
  language = {de},
  booktitle = {{Grundkurs Strahlenschutz}},
  publisher = {{Springer Berlin Heidelberg}},
  author = {Grupen, Claus},
  year = {2008},
  pages = {223--242},
  groups = {Versuch A3,Versuch A3},
  doi = {10.1007/978-3-540-75849-5_16}
}

@book{egerton_physical_2005,
  address = {Boston, MA},
  title = {Physical {{Principles}} of {{Electron Microscopy}}},
  isbn = {978-0-387-25800-3 978-0-387-26016-7},
  language = {en},
  publisher = {{Springer US}},
  author = {Egerton, Ray F.},
  year = {2005},
  groups = {B{\"u}cher - Physik}
}

@incollection{fultz_diffraction_2008-3,
  title = {Diffraction from {{Crystals}}},
  copyright = {\textcopyright{}2008 Springer-Verlag Berlin Heidelberg},
  isbn = {978-3-540-73885-5 978-3-540-73886-2},
  language = {en},
  booktitle = {Transmission {{Electron Microscopy}} and {{Diffractometry}} of {{Materials}}},
  publisher = {{Springer Berlin Heidelberg}},
  author = {Fultz, Brent and Howe, James M.},
  year = {2008},
  pages = {223--272},
  groups = {B{\"u}cher - Physik},
  doi = {10.1007/978-3-540-73886-2_5}
}

@article{berger_detection_1994,
  title = {Detection Limits in Elemental Distribution Images Produced by Energy Filtering {{TEM}}: Case Study of Grain Boundaries in {{Si3N4}}},
  volume = {55},
  issn = {0304-3991},
  shorttitle = {Detection Limits in Elemental Distribution Images Produced by Energy Filtering {{TEM}}},
  doi = {10.1016/0304-3991(94)90084-1},
  number = {1},
  journal = {Ultramicroscopy},
  author = {Berger, A. and Mayer, J. and Kohl, H.},
  year = {1994},
  pages = {101--112},
  groups = {Dissertation,zitiert,zitiert}
}

@article{gu_band-gap_2007,
  title = {Band-Gap Measurements of Direct and Indirect Semiconductors Using Monochromated Electrons},
  volume = {75},
  doi = {10.1103/PhysRevB.75.195214},
  number = {19},
  journal = {Phys. Rev. B},
  author = {Gu, Lin and Srot, Vesna and Sigle, Wilfried and Koch, Christoph and {van Aken}, Peter and Scholz, Ferdinand and Thapa, Sarad B. and Kirchner, Christoph and Jetter, Michael and R{\"u}hle, Manfred},
  year = {2007},
  pages = {195214}
}

@article{xiao_automatic_2016,
  title = {Automatic Optimal Filament Segmentation with Sub-Pixel Accuracy Using Generalized Linear Models and {{B}}-Spline Level-Sets},
  volume = {32},
  issn = {1361-8415},
  doi = {10.1016/j.media.2016.03.007},
  journal = {Medical Image Analysis},
  author = {Xiao, Xun and Geyer, Veikko F. and Bowne-Anderson, Hugo and Howard, Jonathon and Sbalzarini, Ivo F.},
  year = {2016},
  pages = {157--172}
}

@book{ahn_transmission_2004,
  address = {Weinheim},
  edition = {Second Edition},
  title = {Transmission {{Electron Energy Loss Spectrometry}} in {{Materials Science}} and the {{EELS Atlas}}},
  isbn = {978-3-527-60549-1 978-3-527-40565-7},
  shorttitle = {Transmission {{Electron Energy Loss Spectrometry}} in {{Materials Science}} and {{The EELS Atlas}}},
  publisher = {{Wiley-VCH Verlag GmbH \& Co. KGaA}},
  editor = {Ahn, Channing C.},
  year = {2004},
  doi = {10.1002/3527605495}
}

@article{lozano-perez_quantitative_2006,
  title = {Quantitative {{EFTEM}} Measurement of the Composition of Embedded Particles},
  volume = {41},
  issn = {0022-2461, 1573-4803},
  doi = {10.1007/s10853-006-0093-9},
  language = {en},
  number = {14},
  journal = {J Mater Sci},
  author = {Lozano-Perez, S. and Titchmarsh, J. M. and Jenkins, M. L.},
  year = {2006},
  pages = {4394--4404}
}

@incollection{brandt_hybridisierung_2015,
  title = {{Hybridisierung}},
  copyright = {\textcopyright{}2015 Springer-Verlag Berlin Heidelberg},
  isbn = {978-3-662-46386-4 978-3-662-46387-1},
  language = {de},
  booktitle = {{Quantenmechanik in Bildern}},
  publisher = {{Springer Berlin Heidelberg}},
  author = {Brandt, Siegmund and Dahmen, Hans Dieter},
  year = {2015},
  pages = {305--321},
  groups = {B{\"u}cher - Physik},
  doi = {10.1007/978-3-662-46387-1_14}
}

@incollection{egerton_transmission_2005,
  title = {The {{Transmission Electron Microscope}}},
  copyright = {\textcopyright{}2005 Springer Science+Business Media, Inc.},
  isbn = {978-0-387-25800-3 978-0-387-26016-7},
  language = {en},
  booktitle = {Physical {{Principles}} of {{Electron Microscopy}}},
  publisher = {{Springer US}},
  author = {Egerton, Ray F.},
  year = {2005},
  pages = {57--92},
  groups = {B{\"u}cher - Physik},
  doi = {10.1007/0-387-26016-1_3}
}

@incollection{brandt_maxwellschen_2005,
  series = {Springer-Lehrbuch},
  title = {{Die Maxwellschen Gleichungen}},
  copyright = {\textcopyright{}2005 Springer-Verlag Berlin Heidelberg},
  isbn = {978-3-540-21458-8 978-3-540-26766-9},
  language = {de},
  booktitle = {{Elektrodynamik}},
  publisher = {{Springer Berlin Heidelberg}},
  author = {Brandt, Siegmund and Dahmen, Hans Dieter},
  year = {2005},
  pages = {356--398},
  groups = {B{\"u}cher - Physik},
  doi = {10.1007/3-540-26766-2_11}
}

@article{allen_chemical_2011,
  title = {Chemical Mapping of a Block Copolymer Electrolyte by Low-Loss {{EFTEM}} Spectrum-Imaging and Principal Component Analysis},
  volume = {111},
  issn = {0304-3991},
  doi = {10.1016/j.ultramic.2010.11.035},
  number = {3},
  journal = {Ultramicroscopy},
  author = {Allen, F. I. and Watanabe, M. and Lee, Z. and Balsara, N. P. and Minor, A. M.},
  year = {2011},
  pages = {239--244}
}

@article{jeanguillaume_spectrum-image:_1989,
  title = {Spectrum-Image: {{The}} next Step in {{EELS}} Digital Acquisition and Processing},
  volume = {28},
  issn = {0304-3991},
  shorttitle = {Spectrum-Image},
  doi = {10.1016/0304-3991(89)90304-5},
  number = {1},
  journal = {Ultramicroscopy},
  author = {Jeanguillaume, C. and Colliex, C.},
  year = {1989},
  pages = {252--257},
  groups = {Dissertation,zitiert,zitiert}
}

@article{crozier_quantitative_1995,
  title = {Quantitative Elemental Mapping of Materials by Energy-Filtered Imaging},
  volume = {58},
  issn = {0304-3991},
  doi = {10.1016/0304-3991(94)00201-W},
  number = {2},
  journal = {Ultramicroscopy},
  author = {Crozier, P. A.},
  year = {1995},
  pages = {157--174}
}

@incollection{brandt_losung_2015-1,
  title = {{L{\"o}sung der Schr{\"o}dinger-Gleichung in einer Dimension}},
  copyright = {\textcopyright{}2015 Springer-Verlag Berlin Heidelberg},
  isbn = {978-3-662-46386-4 978-3-662-46387-1},
  language = {de},
  booktitle = {{Quantenmechanik in Bildern}},
  publisher = {{Springer Berlin Heidelberg}},
  author = {Brandt, Siegmund and Dahmen, Hans Dieter},
  year = {2015},
  pages = {60--82},
  groups = {B{\"u}cher - Physik},
  doi = {10.1007/978-3-662-46387-1_4}
}

@article{egerton_inelastic_1975,
  title = {Inelastic Scattering of 80 {{keV}} Electrons in Amorphous Carbon},
  volume = {31},
  issn = {0031-8086},
  doi = {10.1080/14786437508229296},
  language = {en},
  number = {1},
  journal = {Philos. Mag.},
  author = {Egerton, Ray F.},
  year = {1975},
  pages = {199--215},
  groups = {Dissertation,zitiert,zitiert}
}

@incollection{brandt_inertialsysteme_2005,
  series = {Springer-Lehrbuch},
  title = {{Inertialsysteme}},
  copyright = {\textcopyright{}2005 Springer-Verlag Berlin Heidelberg},
  isbn = {978-3-540-21666-7 978-3-540-26767-6},
  language = {de},
  booktitle = {{Mechanik}},
  publisher = {{Springer Berlin Heidelberg}},
  author = {Brandt, Siegmund and Dahmen, Hans Dieter},
  year = {2005},
  pages = {117--130},
  groups = {B{\"u}cher - Physik},
  doi = {10.1007/3-540-26767-0_5}
}

@incollection{browning_low-loss_2011,
  title = {Low-{{Loss EELS}} in the {{STEM}}},
  copyright = {\textcopyright{}2011 Springer Science+Business Media, LLC},
  isbn = {978-1-4419-7199-9 978-1-4419-7200-2},
  language = {en},
  booktitle = {Scanning {{Transmission Electron Microscopy}}},
  publisher = {{Springer New York}},
  author = {Browning, Nigel D. and Arslan, Ilke and Erni, Rolf and Reed, Bryan W.},
  editor = {Pennycook, Stephen J. and Nellist, Peter D.},
  year = {2011},
  pages = {659--688},
  groups = {B{\"u}cher - Physik},
  doi = {10.1007/978-1-4419-7200-2_16}
}

@article{golla-schindler_laterally_2003,
  series = {Proceedings of the International Workshop on Strategies and Advances in Atomic Level Spectroscopy and Analysis},
  title = {Laterally Resolved {{EELS}} for {{ELNES}} Mapping of the {{Fe L2}},3- and {{O K}}-Edge},
  volume = {96},
  issn = {0304-3991},
  doi = {10.1016/S0304-3991(03)00118-9},
  number = {3\textendash{}4},
  journal = {Ultramicroscopy},
  author = {Golla-Schindler, U. and Benner, G. and Putnis, A.},
  year = {2003},
  pages = {573--582}
}

@incollection{kolanoski_14_2016,
  title = {{14 Teilchenidentifikation}},
  copyright = {\textcopyright{}2016 Springer-Verlag Berlin Heidelberg},
  isbn = {978-3-662-45349-0 978-3-662-45350-6},
  language = {de},
  booktitle = {{Teilchendetektoren}},
  publisher = {{Springer Berlin Heidelberg}},
  author = {Kolanoski, Hermann and Wermes, Norbert},
  year = {2016},
  pages = {537--576},
  groups = {Teilchendetektoren,Teilchendetektoren},
  doi = {10.1007/978-3-662-45350-6_14}
}

@article{krivanek_applications_1993,
  title = {Applications of Slow-Scan {{CCD}} Cameras in Transmission Electron Microscopy},
  volume = {49},
  issn = {0304-3991},
  doi = {10.1016/0304-3991(93)90216-K},
  number = {1},
  journal = {Ultramicroscopy},
  author = {Krivanek, O. L. and Mooney, P. E.},
  year = {1993},
  pages = {95--108},
  groups = {Dissertation,zitiert,zitiert}
}

@incollection{kolanoski_7_2016,
  title = {{7 Gasgef{\"u}llte Detektoren}},
  copyright = {\textcopyright{}2016 Springer-Verlag Berlin Heidelberg},
  isbn = {978-3-662-45349-0 978-3-662-45350-6},
  language = {de},
  booktitle = {{Teilchendetektoren}},
  publisher = {{Springer Berlin Heidelberg}},
  author = {Kolanoski, Hermann and Wermes, Norbert},
  year = {2016},
  pages = {179--268},
  groups = {Teilchendetektoren,Teilchendetektoren},
  doi = {10.1007/978-3-662-45350-6_7}
}

@incollection{grupen_physikalische_2008,
  title = {{Physikalische Grundlagen}},
  copyright = {\textcopyright{}2008 Springer-Verlag Berlin Heidelberg},
  isbn = {978-3-540-75848-8 978-3-540-75849-5},
  language = {de},
  booktitle = {{Grundkurs Strahlenschutz}},
  publisher = {{Springer Berlin Heidelberg}},
  author = {Grupen, Claus},
  year = {2008},
  pages = {19--30},
  groups = {Versuch A3,Versuch A3},
  doi = {10.1007/978-3-540-75849-5_3}
}

@article{zimdars_facile_2016,
  title = {A Facile Synthesis of Alloyed {{Mn}}-Doped {{ZnSeS}} Nanoparticles Using a Modified Selenium/Sulfur Precursor in a One-Pot Approach},
  volume = {40},
  issn = {1369-9261},
  doi = {10.1039/C6NJ01493C},
  language = {en},
  number = {10},
  journal = {New J. Chem.},
  author = {Zimdars, Julia and Pilger, Jan and Entrup, Michael and Deiting, Daniel and Sch{\"a}fer, Andreas H. and Bredol, Michael},
  year = {2016},
  pages = {8465--8470}
}

@incollection{mayer_electron_1995,
  series = {Springer Series in Optical Sciences},
  title = {Electron {{Spectroscopic Diffraction}}},
  copyright = {\textcopyright{}1995 Springer-Verlag Berlin Heidelberg},
  isbn = {978-3-662-14055-0 978-3-540-48995-5},
  language = {en},
  number = {71},
  booktitle = {Energy-{{Filtering Transmission Electron Microscopy}}},
  publisher = {{Springer Berlin Heidelberg}},
  author = {Mayer, Joachim and Deininger, Christine and Reimer, Ludwig},
  editor = {Reimer, Professor Dr Ludwig},
  year = {1995},
  pages = {291--345},
  groups = {B{\"u}cher - Physik},
  doi = {10.1007/978-3-540-48995-5_6}
}

@incollection{fultz_patterson_2008,
  title = {Patterson {{Functions}} and {{Diffuse Scattering}}},
  copyright = {\textcopyright{}2008 Springer-Verlag Berlin Heidelberg},
  isbn = {978-3-540-73885-5 978-3-540-73886-2},
  language = {en},
  booktitle = {Transmission {{Electron Microscopy}} and {{Diffractometry}} of {{Materials}}},
  publisher = {{Springer Berlin Heidelberg}},
  author = {Fultz, Brent and Howe, James M.},
  year = {2008},
  pages = {457--516},
  groups = {B{\"u}cher - Physik},
  doi = {10.1007/978-3-540-73886-2_9}
}

@article{kothleitner_optimization_1998,
  title = {Optimization of the {{Signal}} to {{Noise Ratio}} in {{EFTEM Elemental Maps}} with {{Regard}} to {{Different Ionization Edge Types}}},
  volume = {29},
  issn = {0968-4328},
  doi = {10.1016/S0968-4328(98)00014-6},
  number = {5},
  journal = {Micron},
  author = {Kothleitner, G. and Hofer, F.},
  year = {1998},
  pages = {349--357},
  groups = {Dissertation,zitiert,zitiert}
}

@incollection{kolanoski_4_2016,
  title = {{4 Bewegung von Ladungstr{\"a}gern in elektrischen und magnetischen Feldern}},
  copyright = {\textcopyright{}2016 Springer-Verlag Berlin Heidelberg},
  isbn = {978-3-662-45349-0 978-3-662-45350-6},
  language = {de},
  booktitle = {{Teilchendetektoren}},
  publisher = {{Springer Berlin Heidelberg}},
  author = {Kolanoski, Hermann and Wermes, Norbert},
  year = {2016},
  pages = {91--129},
  groups = {Teilchendetektoren,Teilchendetektoren},
  doi = {10.1007/978-3-662-45350-6_4}
}

@article{reimer_calculation_1989,
  title = {Calculation of the Angular and Energy Distribution of Multiple Scattered Electrons Using Fourier Transforms},
  volume = {31},
  issn = {0304-3991},
  doi = {10.1016/0304-3991(89)90210-6},
  number = {2},
  journal = {Ultramicroscopy},
  author = {Reimer, L.},
  year = {1989},
  pages = {169--175}
}

@article{reimer_imaging_1989,
  title = {Imaging and Recording of Multiple Scattering Effects by Angular-Resolved {{Electron Energy}}-{{Loss Spectroscopy}}},
  volume = {28},
  issn = {0304-3991},
  doi = {10.1016/0304-3991(89)90305-7},
  number = {1},
  journal = {Ultramicroscopy},
  author = {Reimer, L. and Rennekamp, R.},
  year = {1989},
  pages = {258--265}
}

@incollection{kolanoski_18_2016,
  title = {{18 Trigger- und Datennahmesysteme}},
  copyright = {\textcopyright{}2016 Springer-Verlag Berlin Heidelberg},
  isbn = {978-3-662-45349-0 978-3-662-45350-6},
  language = {de},
  booktitle = {{Teilchendetektoren}},
  publisher = {{Springer Berlin Heidelberg}},
  author = {Kolanoski, Hermann and Wermes, Norbert},
  year = {2016},
  pages = {807--828},
  groups = {Teilchendetektoren,Teilchendetektoren},
  doi = {10.1007/978-3-662-45350-6_18}
}

@incollection{brandt_hydrodynamik_2005,
  series = {Springer-Lehrbuch},
  title = {{Hydrodynamik}},
  copyright = {\textcopyright{}2005 Springer-Verlag Berlin Heidelberg},
  isbn = {978-3-540-21666-7 978-3-540-26767-6},
  language = {de},
  booktitle = {{Mechanik}},
  publisher = {{Springer Berlin Heidelberg}},
  author = {Brandt, Siegmund and Dahmen, Hans Dieter},
  year = {2005},
  pages = {372--407},
  groups = {B{\"u}cher - Physik},
  doi = {10.1007/3-540-26767-0_13}
}

@article{sigle_plasmon_2003,
  series = {Proceedings of the International Workshop on Strategies and Advances in Atomic Level Spectroscopy and Analysis},
  title = {Plasmon Energy Mapping in Energy-Filtering Transmission Electron Microscopy},
  volume = {96},
  issn = {0304-3991},
  doi = {10.1016/S0304-3991(03)00117-7},
  number = {3\textendash{}4},
  journal = {Ultramicroscopy},
  author = {Sigle, W. and Kr{\"a}mer, S. and Varshney, V. and Zern, A. and Eigenthaler, U. and R{\"u}hle, M.},
  year = {2003},
  pages = {565--571},
  groups = {Dissertation}
}

@incollection{kolanoski_16_2016,
  title = {{16 Nachweis kosmischer Teilchen}},
  copyright = {\textcopyright{}2016 Springer-Verlag Berlin Heidelberg},
  isbn = {978-3-662-45349-0 978-3-662-45350-6},
  language = {de},
  booktitle = {{Teilchendetektoren}},
  publisher = {{Springer Berlin Heidelberg}},
  author = {Kolanoski, Hermann and Wermes, Norbert},
  year = {2016},
  pages = {661--717},
  groups = {Teilchendetektoren,Teilchendetektoren},
  doi = {10.1007/978-3-662-45350-6_16}
}

@incollection{grupen_aufgaben_2008,
  title = {{Aufgaben und Pflichten des Strahlenschutzbeauftragten}},
  copyright = {\textcopyright{}2008 Springer-Verlag Berlin Heidelberg},
  isbn = {978-3-540-75848-8 978-3-540-75849-5},
  language = {de},
  booktitle = {{Grundkurs Strahlenschutz}},
  publisher = {{Springer Berlin Heidelberg}},
  author = {Grupen, Claus},
  year = {2008},
  pages = {103--111},
  groups = {Versuch A3,Versuch A3},
  doi = {10.1007/978-3-540-75849-5_7}
}

@incollection{brandt_elektrostatik_2005-2,
  series = {Springer-Lehrbuch},
  title = {{Elektrostatik in Materie}},
  copyright = {\textcopyright{}2005 Springer-Verlag Berlin Heidelberg},
  isbn = {978-3-540-21458-8 978-3-540-26766-9},
  language = {de},
  booktitle = {{Elektrodynamik}},
  publisher = {{Springer Berlin Heidelberg}},
  author = {Brandt, Siegmund and Dahmen, Hans Dieter},
  year = {2005},
  pages = {75--110},
  groups = {B{\"u}cher - Physik},
  doi = {10.1007/3-540-26766-2_4}
}

@book{krapp_methoden_2011,
  address = {Wiesbaden},
  title = {{Methoden der Statistik}},
  isbn = {978-3-8351-0154-8 978-3-8348-9917-0},
  language = {de},
  publisher = {{Vieweg+Teubner}},
  author = {Krapp, Michael and Nebel, Johannes},
  year = {2011},
  groups = {B{\"u}cher - Statistik}
}

@article{botton_electron_2002,
  title = {Electron Energy Loss Spectroscopy of Interfacial Layer Formation in {{Gd2O3}} Films Deposited Directly on {{Si}}(001)},
  volume = {91},
  issn = {0021-8979, 1089-7550},
  doi = {10.1063/1.1446232},
  number = {5},
  journal = {J. Appl. Phys.},
  author = {Botton, G. A. and Gupta, J. A. and Landheer, D. and McCaffrey, J. P. and Sproule, G. I. and Graham, M. J.},
  year = {2002},
  pages = {2921--2928}
}

@article{gustafsson_fast_2016,
  title = {Fast Live-Cell Conventional Fluorophore Nanoscopy with {{ImageJ}} through Super-Resolution Radial Fluctuations},
  volume = {7},
  copyright = {\textcopyright{} 2016 The Author(s)},
  doi = {10.1038/ncomms12471},
  language = {en},
  journal = {Nat Commun},
  author = {Gustafsson, Nils and Culley, Si{\^a}n and Ashdown, George and Owen, Dylan M. and Pereira, Pedro Matos and Henriques, Ricardo},
  year = {2016},
  pages = {12471},
  groups = {Diverse Literatur}
}

@misc{wikipedia_tagged_2017,
  title = {Tagged Image File Format --- Wikipedia{,} Die freie Enzyklopädie},
  author = {{Wikipedia}},
  year = {2017},
  note = {[Online; Stand 31. März 2017]},
  groups = {Zitate_Wikipedia}
}

@article{benner_corrected_2004,
  title = {Corrected {{OMEGA In}}-Column {{Energy Filter}} in {{Practice}}: {{Energy Resolution}} and {{Stability}}},
  volume = {10},
  issn = {1435-8115, 1431-9276},
  shorttitle = {Corrected {{OMEGA In}}-Column {{Energy Filter}} in {{Practice}}},
  doi = {10.1017/S1431927604882382},
  number = {S02},
  journal = {Microsc. Microanal.},
  author = {Benner, Gerd and Essers, Erik and Huber, Bernd and Lang, Guenter and Matijevic, Marko and Orchowski, Alexander and Rau, Wolf Dieter and Schindler, Bernd and Schlossmacher, Peter and Thesen, Alexander},
  year = {2004},
  pages = {860--861}
}

@article{heidelmann_stripestem_2009,
  title = {{{StripeSTEM}}, a Technique for the Isochronous Acquisition of High Angle Annular Dark-Field Images and Monolayer Resolved Electron Energy Loss Spectra},
  volume = {109},
  issn = {0304-3991},
  doi = {10.1016/j.ultramic.2009.07.007},
  number = {12},
  journal = {Ultramicroscopy},
  author = {Heidelmann, M. and Barthel, J. and Houben, L.},
  year = {2009},
  pages = {1447--1452}
}

@incollection{zuo_scanning_2011,
  title = {Scanning {{Electron Nanodiffraction}} and {{Diffraction Imaging}}},
  copyright = {\textcopyright{}2011 Springer Science+Business Media, LLC},
  isbn = {978-1-4419-7199-9 978-1-4419-7200-2},
  language = {en},
  booktitle = {Scanning {{Transmission Electron Microscopy}}},
  publisher = {{Springer New York}},
  author = {Zuo, Jian-Min and Tao, Jing},
  editor = {Pennycook, Stephen J. and Nellist, Peter D.},
  year = {2011},
  pages = {393--427},
  groups = {B{\"u}cher - Physik},
  doi = {10.1007/978-1-4419-7200-2_9}
}

@incollection{krapp_deskriptive_2011,
  title = {{Deskriptive Statistik}},
  copyright = {\textcopyright{}2011 Vieweg+Teubner Verlag | Springer Fachmedien Wiesbaden GmbH},
  isbn = {978-3-8351-0154-8 978-3-8348-9917-0},
  language = {de},
  booktitle = {{Methoden der Statistik}},
  publisher = {{Vieweg+Teubner}},
  author = {Krapp, Prof Dr Michael and Nebel, Dipl-Kfm Johannes},
  year = {2011},
  pages = {19--46},
  groups = {B{\"u}cher - Statistik},
  doi = {10.1007/978-3-8348-9917-0_2}
}

@article{lanio_test_1986,
  title = {Test and Improved Design of a Corrected Imaging Magnetic Energy Filter},
  volume = {78},
  issn = {0030-4026},
  language = {English},
  number = {2},
  journal = {Optik},
  author = {Lanio, S. and Rose, H. and Krahl, D.},
  year = {1986},
  note = {INSPEC:2701391},
  pages = {56--68},
  groups = {Dissertation,zitiert,zitiert}
}

@article{mayer_quantitative_1997,
  title = {Quantitative Analysis of Electron Spectroscopic Imaging Series},
  volume = {28},
  issn = {0968-4328},
  doi = {10.1016/S0968-4328(97)00037-1},
  number = {5},
  journal = {Micron},
  author = {Mayer, J and Eigenthaler, U and Plitzko, J. M and Dettenwanger, F},
  year = {1997},
  pages = {361--370}
}

@incollection{brandt_spin_2015,
  title = {{Spin}},
  copyright = {\textcopyright{}2015 Springer-Verlag Berlin Heidelberg},
  isbn = {978-3-662-46386-4 978-3-662-46387-1},
  language = {de},
  booktitle = {{Quantenmechanik in Bildern}},
  publisher = {{Springer Berlin Heidelberg}},
  author = {Brandt, Siegmund and Dahmen, Hans Dieter},
  year = {2015},
  pages = {365--385},
  groups = {B{\"u}cher - Physik},
  doi = {10.1007/978-3-662-46387-1_17}
}

@incollection{kolanoski_6_2016,
  title = {{6 Nicht-elektronische Detektoren}},
  copyright = {\textcopyright{}2016 Springer-Verlag Berlin Heidelberg},
  isbn = {978-3-662-45349-0 978-3-662-45350-6},
  language = {de},
  booktitle = {{Teilchendetektoren}},
  publisher = {{Springer Berlin Heidelberg}},
  author = {Kolanoski, Hermann and Wermes, Norbert},
  year = {2016},
  pages = {163--177},
  groups = {Teilchendetektoren,Teilchendetektoren},
  doi = {10.1007/978-3-662-45350-6_6}
}

@incollection{brandt_einleitung_2015-1,
  series = {essentials},
  title = {{Einleitung}},
  copyright = {\textcopyright{}2015 Springer Fachmedien Wiesbaden},
  isbn = {978-3-658-10068-1 978-3-658-10069-8},
  language = {de},
  booktitle = {{Analyse empirischer und experimenteller Daten}},
  publisher = {{Springer Fachmedien Wiesbaden}},
  author = {Brandt, Prof Dr Siegmund},
  year = {2015},
  pages = {1--4},
  groups = {B{\"u}cher - Statistik},
  doi = {10.1007/978-3-658-10069-8_1}
}

@incollection{moreau_progress_2004,
  series = {NATO Science Series II: Mathematics, Physics and Chemistry},
  title = {Progress on {{Electron Energy Loss Spectroscopy}} of {{Nanomaterials}}},
  copyright = {\textcopyright{}2005 Kluwer Academic Publishers},
  isbn = {978-1-4020-2394-1 978-1-4020-2396-5},
  language = {en},
  number = {165},
  booktitle = {Spectroscopy of {{Emerging Materials}}},
  publisher = {{Springer Netherlands}},
  author = {Moreau, P.},
  editor = {Faulques, Eric C. and Perry, Dale L. and Yeremenko, Andrei V.},
  year = {2004},
  pages = {57--68},
  groups = {B{\"u}cher - Physik},
  doi = {10.1007/1-4020-2396-0_5}
}

@article{tenailleau_new_1992,
  title = {A New Background Subtraction for Low-energy {{EELS}} Core Edges},
  volume = {166},
  issn = {1365-2818},
  doi = {10.1111/j.1365-2818.1992.tb01529.x},
  language = {en},
  number = {3},
  journal = {J. Microsc.},
  author = {Tenailleau, H. and Martin, J. M.},
  year = {1992},
  pages = {297--306}
}

@incollection{brandt_nichtlineare_2005,
  series = {Springer-Lehrbuch},
  title = {{Nichtlineare Dynamik. Deterministisches Chaos}},
  copyright = {\textcopyright{}2005 Springer-Verlag Berlin Heidelberg},
  isbn = {978-3-540-21666-7 978-3-540-26767-6},
  language = {de},
  booktitle = {{Mechanik}},
  publisher = {{Springer Berlin Heidelberg}},
  author = {Brandt, Siegmund and Dahmen, Hans Dieter},
  year = {2005},
  pages = {233--269},
  groups = {B{\"u}cher - Physik},
  doi = {10.1007/3-540-26767-0_9}
}

@article{kinyanjui_spatially_2015,
  title = {Spatially and Momentum Resolved Energy Electron Loss Spectra from an Ultra-Thin {{PrNiO}} {\textsubscript{3}} Layer},
  volume = {106},
  issn = {0003-6951, 1077-3118},
  doi = {10.1063/1.4921405},
  language = {en},
  number = {20},
  journal = {Appl. Phys. Lett.},
  author = {Kinyanjui, M. K. and Benner, G. and Pavia, G. and Boucher, F. and Habermeier, H.-U. and Keimer, B. and Kaiser, U.},
  year = {2015},
  pages = {203102}
}

@incollection{egerton_tem_2005,
  title = {{{TEM Specimens}} and {{Images}}},
  copyright = {\textcopyright{}2005 Springer Science+Business Media, Inc.},
  isbn = {978-0-387-25800-3 978-0-387-26016-7},
  language = {en},
  booktitle = {Physical {{Principles}} of {{Electron Microscopy}}},
  publisher = {{Springer US}},
  author = {Egerton, Ray F.},
  year = {2005},
  pages = {93--124},
  groups = {B{\"u}cher - Physik},
  doi = {10.1007/0-387-26016-1_4}
}

@incollection{bartsch_recht_2015,
  title = {{Recht}},
  copyright = {\textcopyright{}2015 Springer Fachmedien Wiesbaden},
  isbn = {978-3-658-07288-9 978-3-658-07289-6},
  language = {de},
  booktitle = {{Praxishandbuch Big Data}},
  publisher = {{Springer Fachmedien Wiesbaden}},
  author = {Bartsch, Michael and Botzem, Olaf and Culmsee, Thorsten and Dorschel, Joachim and Hubertus, Jenny and Ulbricht, Carsten and Walter, Thorsten},
  editor = {Dorschel, Joachim},
  year = {2015},
  pages = {167--254},
  groups = {B{\"u}cher - Data Science},
  doi = {10.1007/978-3-658-07289-6_3}
}

@article{pun_optimized_1984,
  title = {Optimized Acquisition Parameters and Statistical Detection Limit in Quantitative {{EELS}}},
  volume = {135},
  issn = {1365-2818},
  doi = {10.1111/j.1365-2818.1984.tb02535.x},
  language = {en},
  number = {3},
  journal = {J. Microsc.},
  author = {Pun, Thierry and Ellis, James R. and Eden, Murray},
  year = {1984},
  pages = {295--316},
  groups = {Dissertation,zitiert,zitiert}
}

@incollection{brandt_quantilbewegung_2015,
  title = {{Quantilbewegung in einer Dimension}},
  copyright = {\textcopyright{}2015 Springer-Verlag Berlin Heidelberg},
  isbn = {978-3-662-46386-4 978-3-662-46387-1},
  language = {de},
  booktitle = {{Quantenmechanik in Bildern}},
  publisher = {{Springer Berlin Heidelberg}},
  author = {Brandt, Siegmund and Dahmen, Hans Dieter},
  year = {2015},
  pages = {148--163},
  groups = {B{\"u}cher - Physik},
  doi = {10.1007/978-3-662-46387-1_7}
}

@incollection{rose_electron_1995,
  series = {Springer Series in Optical Sciences},
  title = {Electron {{Optics}} of {{Imaging Energy Filters}}},
  copyright = {\textcopyright{}1995 Springer-Verlag Berlin Heidelberg},
  isbn = {978-3-662-14055-0 978-3-540-48995-5},
  language = {en},
  number = {71},
  booktitle = {Energy-{{Filtering Transmission Electron Microscopy}}},
  publisher = {{Springer Berlin Heidelberg}},
  author = {Rose, Harald and Krahl, Dieter},
  editor = {Reimer, Professor Dr Ludwig},
  year = {1995},
  pages = {43--149},
  groups = {B{\"u}cher - Physik},
  doi = {10.1007/978-3-540-48995-5_2}
}

@incollection{fultz_dynamical_2008,
  title = {Dynamical {{Theory}}},
  copyright = {\textcopyright{}2008 Springer-Verlag Berlin Heidelberg},
  isbn = {978-3-540-73885-5 978-3-540-73886-2},
  language = {en},
  booktitle = {Transmission {{Electron Microscopy}} and {{Diffractometry}} of {{Materials}}},
  publisher = {{Springer Berlin Heidelberg}},
  author = {Fultz, Brent and Howe, James M.},
  year = {2008},
  pages = {611--675},
  groups = {B{\"u}cher - Physik},
  doi = {10.1007/978-3-540-73886-2_12}
}

@misc{wikipedia_visuelle_2017,
  title = {Visuelle Wahrnehmung --- Wikipedia{,} Die freie Enzyklopädie},
  author = {{Wikipedia}},
  year = {2017},
  note = {[Online; Stand 31. März 2017]},
  groups = {Zitate_Wikipedia}
}

@incollection{grupen_glossar_2008,
  title = {{Glossar Strahlenschutz}},
  copyright = {\textcopyright{}2008 Springer-Verlag Berlin Heidelberg},
  isbn = {978-3-540-75848-8 978-3-540-75849-5},
  language = {de},
  booktitle = {{Grundkurs Strahlenschutz}},
  publisher = {{Springer Berlin Heidelberg}},
  author = {Grupen, Claus},
  year = {2008},
  pages = {275--311},
  groups = {Versuch A3,Versuch A3},
  doi = {10.1007/978-3-540-75849-5_19}
}

@article{aoyama_how_2002,
  title = {How to Make Mapping Images of Biological Specimens \textemdash{} Data Collection and Image Processing},
  volume = {51},
  issn = {2050-5698, 2050-5701},
  doi = {10.1093/jmicro/51.4.257},
  language = {en},
  number = {4},
  journal = {J Electron Microsc (Tokyo)},
  author = {Aoyama, Kazuhiro and Matsumoto, Rena and Komatsu, Yasuhiko},
  year = {2002},
  pages = {257--263},
  pmid = {12227556}
}

@article{lozano-perez_achieving_2009,
  title = {Achieving Sub-Nanometre Particle Mapping with Energy-Filtered {{TEM}}},
  volume = {109},
  issn = {0304-3991},
  doi = {10.1016/j.ultramic.2009.05.006},
  number = {10},
  journal = {Ultramicroscopy},
  author = {Lozano-Perez, S. and {de Castro Bernal}, V. and Nicholls, R. J.},
  year = {2009},
  pages = {1217--1228}
}

@incollection{krivanek_atomic-resolution_2011,
  title = {Atomic-{{Resolution STEM}} at {{Low Primary Energies}}},
  copyright = {\textcopyright{}2011 Springer Science+Business Media, LLC},
  isbn = {978-1-4419-7199-9 978-1-4419-7200-2},
  language = {en},
  booktitle = {Scanning {{Transmission Electron Microscopy}}},
  publisher = {{Springer New York}},
  author = {Krivanek, Ondrej L. and Chisholm, Matthew F. and Dellby, Niklas and Murfitt, Matthew F.},
  editor = {Pennycook, Stephen J. and Nellist, Peter D.},
  year = {2011},
  pages = {615--658},
  groups = {B{\"u}cher - Physik},
  doi = {10.1007/978-1-4419-7200-2_15}
}

@incollection{kolanoski_10_2016,
  title = {{10 Photodetektoren}},
  copyright = {\textcopyright{}2016 Springer-Verlag Berlin Heidelberg},
  isbn = {978-3-662-45349-0 978-3-662-45350-6},
  language = {de},
  booktitle = {{Teilchendetektoren}},
  publisher = {{Springer Berlin Heidelberg}},
  author = {Kolanoski, Hermann and Wermes, Norbert},
  year = {2016},
  pages = {413--436},
  groups = {Teilchendetektoren,Teilchendetektoren},
  doi = {10.1007/978-3-662-45350-6_10}
}

@incollection{fultz_electron_2008,
  title = {Electron {{Diffraction}} and {{Crystallography}}},
  copyright = {\textcopyright{}2008 Springer-Verlag Berlin Heidelberg},
  isbn = {978-3-540-73885-5 978-3-540-73886-2},
  language = {en},
  booktitle = {Transmission {{Electron Microscopy}} and {{Diffractometry}} of {{Materials}}},
  publisher = {{Springer Berlin Heidelberg}},
  author = {Fultz, Brent and Howe, James M.},
  year = {2008},
  pages = {273--336},
  groups = {B{\"u}cher - Physik},
  doi = {10.1007/978-3-540-73886-2_6}
}

@article{meyer_effects_1998,
  title = {The Effects of Electron and Photon Scattering on Signal and Noise Transfer Properties of Scintillators in {{CCD}} Cameras Used for Electron Detection},
  volume = {75},
  issn = {0304-3991},
  doi = {10.1016/S0304-3991(98)00051-5},
  number = {1},
  journal = {Ultramicroscopy},
  author = {Meyer, R{\"u}diger R. and Kirkland, Angus},
  year = {1998},
  pages = {23--33},
  groups = {Dissertation,zitiert,zitiert}
}

@book{brandt_mechanik_2005,
  address = {Berlin/Heidelberg},
  series = {Springer-Lehrbuch},
  title = {{Mechanik}},
  isbn = {978-3-540-21666-7},
  language = {de},
  publisher = {{Springer-Verlag}},
  author = {Brandt, Siegmund and Dahmen, Hans Dieter},
  year = {2005},
  groups = {B{\"u}cher - Physik}
}

@incollection{brandt_gekoppelte_2015-1,
  title = {{Gekoppelte harmonische Oszillatoren: Ununterscheidbare Teilchen}},
  copyright = {\textcopyright{}2015 Springer-Verlag Berlin Heidelberg},
  isbn = {978-3-662-46386-4 978-3-662-46387-1},
  shorttitle = {{Gekoppelte harmonische Oszillatoren}},
  language = {de},
  booktitle = {{Quantenmechanik in Bildern}},
  publisher = {{Springer Berlin Heidelberg}},
  author = {Brandt, Siegmund and Dahmen, Hans Dieter},
  year = {2015},
  pages = {177--191},
  groups = {B{\"u}cher - Physik},
  doi = {10.1007/978-3-662-46387-1_9}
}

@incollection{kolanoski_17_2016,
  title = {{17 Signalverarbeitung und Rauschen}},
  copyright = {\textcopyright{}2016 Springer-Verlag Berlin Heidelberg},
  isbn = {978-3-662-45349-0 978-3-662-45350-6},
  language = {de},
  booktitle = {{Teilchendetektoren}},
  publisher = {{Springer Berlin Heidelberg}},
  author = {Kolanoski, Hermann and Wermes, Norbert},
  year = {2016},
  pages = {719--805},
  groups = {Teilchendetektoren,Teilchendetektoren},
  doi = {10.1007/978-3-662-45350-6_17}
}

@comment{jabref-meta: databaseType:bibtex;}
@comment{jabref-meta: groupstree:
0 AllEntriesGroup:;
1 ExplicitGroup:Bücher - Bildverarbeitung\;0\;;
1 ExplicitGroup:Bücher - Data Science\;0\;;
1 ExplicitGroup:Bücher - Matematik\;0\;;
1 ExplicitGroup:Bücher - Physik\;0\;;
1 ExplicitGroup:Bücher - Statistik\;0\;;
1 ExplicitGroup:Dissertation\;0\;;
2 ExplicitGroup:zitiert\;0\;;
1 ExplicitGroup:zitiert\;0\;;
1 ExplicitGroup:Diverse Literatur\;0\;;
1 ExplicitGroup:Materialien (Seminare usw.)\;0\;;
2 ExplicitGroup:Teilchendetektoren\;0\;;
2 ExplicitGroup:Versuch A3\;0\;;
2 ExplicitGroup:Bachelor-Themen\;0\;;
1 ExplicitGroup:Teilchendetektoren\;0\;;
1 ExplicitGroup:Versuch A3\;0\;;
1 ExplicitGroup:Bachelor-Themen\;0\;;
1 ExplicitGroup:Zitate_Wikipedia\;0\;;
}

